%% This BibTeX bibliography file was created using BibDesk.
%% http://bibdesk.sourceforge.net/


%% Created for Giuseppe Cattaneo at 2012-03-21 20:49:23 +0100 


%% Saved with string encoding Unicode (UTF-8) 



@ieeetranbstctl{IEEEexample:BSTcontrol,
	Ctldash_Repeated_Names = {no}}

@inproceedings{android_af,
author = {Pietro Albano and Aniello Castiglione and Giuseppe Cattaneo and Alfredo {De Santis}},
title = {{A Novel Anti-forensics Technique for the Android OS}},
journal ={Broadband, Wireless Computing, Communication and Applications, International Conference on},
isbn = {978-0-7695-4532-5},
year = {2011},
pages = {380-385},
doi = {http://doi.ieeecomputersociety.org/10.1109/BWCCA.2011.62},
publisher = {IEEE Computer Society},
address = {Los Alamitos, CA, USA},
}

@inproceedings{androalibi,
	Author = {Pietro Albano and Aniello Castiglione and Giuseppe Cattaneo and Giancarlo {De Maio} and Alfredo {De Santis}},
	Bibsource = {DBLP, http://dblp.uni-trier.de},
	Booktitle = {INCoS},
	Crossref = {DBLP:conf/incos/2011},
	Ee = {http://doi.ieeecomputersociety.org/10.1109/INCoS.2011.129},
	Pages = {685-690},
	Title = {{On the Construction of a False Digital Alibi on the Android OS}},
	Year = {2011}}

@proceedings{DBLP:conf/incos/2011,
	Bibsource = {DBLP, http://dblp.uni-trier.de},
	Booktitle = {INCoS},
	Editor = {Fatos Xhafa and Leonard Barolli and Mario K{\"o}ppen},
	Ee = {http://ieeexplore.ieee.org/xpl/mostRecentIssue.jsp?punumber=6132214},
	Isbn = {978-1-4577-1908-0},
	Publisher = {IEEE Computer Society},
	Title = {2011 Third International Conference on Intelligent Networking and Collaborative Systems (INCoS), Fukuoka, Japan, November 30 - Dec. 2, 2011},
	Year = {2011}}

@misc{site:AndroidSecurityFeatures,
	Author = {{Android Developers}},
	Howpublished = {\url{http://developer.android.com/guide/topics/security/security.html}},
	Title = {{Security and Permission Android Developers}},
	Year = {(accessed January 2012)}}

@misc{site:MOET,
	Author = {Eing Ong},
	Howpublished = {\url{https://github.com/eing/moet}},
	Title = {{MOET - (MO)bile (E)xploratory (T)esting}},
	Year = {(accessed January 2012)}}

@misc{site:Sikuli,
	Author = {Tsung-Hsiang Chang and Tom Yeh},
	Howpublished = {\url{http://sikuli.org/}},
	Title = {{Project Sikuli}},
	Year = {(accessed January 2012)}}

@misc{site:AutomateItPro,
	Author = {Android Muzikant},
	Howpublished = {\url{http://muzikant-android.blogspot.com/2011/05/automateit-goes-pro.html}},
	Title = {{Android Muzikant: AutomateIt Pro}},
	Year = {(accessed January 2012)}}

@misc{site:androidscreencast,
	Author = {Alexandre Thiel},
	Howpublished = {\url{http://code.google.com/p/androidscreencast/}},
	Title = {{androidscreencast - Desktop app to control an android device remotely}},
	Year = {(accessed January 2012)}}

@misc{site:DEFT,
	Author = {Stefano Padrepietro},
	Howpublished = {\url{http://www.deftlinux.net/}},
	Title = {{DEFT Linux - Computer forensics live cd}},
	Year = {(accessed January 2012)}}

@misc{site:ADB,
	Author = {{Android Developers}},
	Howpublished = {\url{http://developer.android.com/guide/developing/tools/adb.html}},
	Title = {{Android Debug Bridge}},
	Year = {(accessed January 2012)}}

@misc{site:OHA,
	Author = {{Open Handset Alliance}},
	Howpublished = {\url{http://www.openhandsetalliance.com/}},
	Year = {(accessed January 2012)}}

@misc{site:androidos,
	Author = {{Android Developers}},
	Howpublished = {\url{http://developer.android.com}},
	Year = {(accessed July 2012)}}

@misc{site:droidVNCserver,
	Author = {Jos\'e Pereira},
	Howpublished = {\url{https://github.com/oNaiPs/droid-VNC-server}},
	Title = {{droid VNC server}},
	Year = {(accessed January 2012)}}

@misc{site:Tasker,
	Author = {{Crafty Apps}},
	Howpublished = {\url{http://tasker.dinglisch.net/}},
	Title = {{Tasker for Android}},
	Year = {(accessed January 2012)}}

@misc{site:Robotium,
	Author = {{Robotium Developers}},
	Howpublished = {\url{http://code.google.com/p/robotium/}},
	Title = {{Robotium it is like Selenium, but for Android}},
	Year = {(accessed January 2012)}}

@misc{site:autoit,
	Author = {Jonathan Bennett},
	Howpublished = {\url{http://www.autoitscript.com/autoit3/}},
	Title = {{AutoIt v3.3.6.1}},
	Year = {(accessed January 2012)}}

@misc{site:automator,
	Author = {{Apple Inc.}},
	Howpublished = {\url{http://www.macosxautomation.com/automator/}},
	Title = {{Apple Automator}},
	Year = {(accessed July 2011)}}

@misc{site:xda,
	Author = {{xda-developers}},
	Howpublished = {\url{http://forum.xda-developers.com/}},
	Title = {{xda-developers forums}},
	Year = {(accessed July 2012)}}

@misc{site:gscript,
	Author = {Rob Groenendijk},
	Howpublished = {\url{http://code.google.com/p/gscript-android/}},
	Title = {{GScript}},
	Year = {(accessed January 2012)}}

@inproceedings{autoalibi,
	Author = {Alfredo {{De Santis}} and Aniello Castiglione and Giuseppe Cattaneo and Giancarlo {{De Maio}} and Mario Ianulardo},
	Bibsource = {DBLP, http://dblp.uni-trier.de},
	Booktitle = {MURPBES},
	Crossref = {DBLP:conf/IEEEares/2011murpbes},
	Ee = {http://dx.doi.org/10.1007/978-3-642-23300-5_28},
	Pages = {359-373},
	Title = {{Automated Construction of a False Digital Alibi}},
	Year = {2011}}

@proceedings{DBLP:conf/IEEEares/2011murpbes,
	Bibsource = {DBLP, http://dblp.uni-trier.de},
	Booktitle = {MURPBES},
	Editor = {A Min Tjoa and Gerald Quirchmayr and Ilsun You and Lida Xu},
	Ee = {http://dx.doi.org/10.1007/978-3-642-23300-5},
	Isbn = {978-3-642-23299-2},
	Publisher = {Springer},
	Series = {Lecture Notes in Computer Science},
	Title = {International Conference on Multidisciplinary Research and Practice for Business, Enterprise and Health Information Systems - MURPBES 2011 / Availability, Reliability and Security for Business, Enterprise and Health Information Systems - IFIP WG 8.4/8.9 International Cross Domain Conference and Workshop, ARES 2011, Vienna, Austria, August 22-26, 2011. Proceedings},
	Volume = {6908},
	Year = {2011}}

@inproceedings{securedel,
author = {Aniello Castiglione and Giuseppe Cattaneo and Giancarlo {De Maio} and Alfredo {De Santis}},
title = {{Automatic, Selective and Secure Deletion of Digital Evidence}},
journal ={Broadband, Wireless Computing, Communication and Applications, International Conference on},,
isbn = {978-0-7695-4532-5},
year = {2011},
pages = {392-398},
doi = {http://doi.ieeecomputersociety.org/10.1109/BWCCA.2011.64},
publisher = {IEEE Computer Society},
address = {Los Alamitos, CA, USA},
}

@book{AFHoog,
	Author = {Andrew Hoog},
	Editor = {John McCash},
	Publisher = {Syngress},
	Title = {{Android Forensics: Investigation, Analysis and Mobile Security for Google Android}},
	Year = {2011}}

@misc{site:ScriptManager,
	Author = {{devwom}},
	Howpublished = {\url{https://sites.google.com/site/devwom/script-manager}},
	Title = {{Script Manager}},
	Year = {(accessed January 2012)}}

@misc{stat,
	Author = {{Miniwatts Marketing Group}},
	Howpublished = {\url{http://www.internetworldstats.com/stats.htm}},
	Title = {{Internet World Stats}},
	Year = {December 31, 2011}}

@misc{webster,
	Author = {{Merriam-Webster Inc.}},
	Howpublished = {\url{http://www.merriam-webster.com/}},
	Title = {{Online dictionary}}}

@misc{uslegal,
	Author = {{U.S. Legal, Inc.}},
	Howpublished = {\url{http://definitions.uslegal.com/}},
	Title = {{Legal Definitions and Legal Terms Dictionary}}}

@misc{site:iisfa,
	Author = {IISFA},
	Howpublished = {\url{http://www.iisfa.net/}},
	Title = {{International Information Systems Forensics Association}},
	Year = {(accessed January 2012)}}

@article{slide_alibi_mattia,
	Author = {Mattia Epifani},
	Journal = {Symposium - Transmission of evidence in criminal within the European Union and protection of the European Union's financial interests},
	Note = {\url{http://www.iisfa.net/index.php?option=com\_docman&task=doc\_download&gid=119&Itemid=23}},
	Title = {{Alla Caccia del Falso Alibi? (in Italian)}},
	Year = {(accessed January 2012)}}

@book{prefetcher,
	Address = {Redmond, Wash},
	Author = {Mark Russinovich},
	Isbn = {0735619174},
	Publisher = {Microsoft Press},
	Title = {{Microsoft Windows internals: Microsoft Windows Server 2003, Windows XP, and Windows 2000}},
	Year = {2005}}

@misc{memoryman,
	Author = {{Microsoft MSDN}},
	Howpublished = {\url{http://msdn.microsoft.com/en-us/library/windows/desktop/aa366779(v=vs.85).aspx}},
	Title = {{Memory Management}},
	Year = {(accessed January 2012)}}

@misc{vss,
	Author = {{Microsoft MSDN}},
	Howpublished = {\url{http://msdn.microsoft.com/en-us/library/windows/desktop/bb968832(v=vs.85).aspx}},
	Title = {{Volume Shadow Copy Service}},
	Year = {July 2011}}

@misc{olaf,
	Author = {{European Lawyers' Union}},
	Howpublished = {\url{http://www.uae.lu/system/doc/UAE\_019/UAE-OLAF-JANVIER-2011-Programme.pdf}},
	Title = {{Transmission of Evidence in Criminal within the European Union and Protection of the European Union's Financial Interests}},
	Year = {January 2011}}

@manual{usdod5220,
	Author = {{U.S. Department of Defense}},
	Howpublished = {\url{http://www.dtic.mil/whs/directives/corres/html/522022m.htm}},
	Title = {{DoD Directive 5220.22, National Industrial Security Program (NISP)}},
	Year = {February 2010}}

@inproceedings{pgut02,
	Acmid = {1267616},
	Address = {Berkeley, CA, USA},
	Author = {Peter Gutmann},
	Booktitle = {Proceedings of the 10th conference on USENIX Security Symposium - Volume 10},
	Location = {Washington, D.C.},
	Numpages = {1},
	Pages = {4--4},
	Publisher = {USENIX Association},
	Title = {{Data Remanence in Semiconductor Devices}},
	Year = {2001}}

@inproceedings{pgut01,
	Acmid = {1267577},
	Address = {Berkeley, CA, USA},
	Author = {Peter Gutmann},
	Booktitle = {Proceedings of the 6th conference on USENIX Security Symposium, Focusing on Applications of Cryptography - Volume 6},
	Location = {San Jose, California},
	Numpages = {1},
	Pages = {77--89},
	Publisher = {USENIX Association},
	Title = {{Secure Deletion of Data from Magnetic and Solid-State Memory}},
	Year = {1996}}

@misc{regripper,
	Author = {Harlan Carvey},
	Howpublished = {\url{http://regripper.wordpress.com/}},
	Title = {{RegRipper}},
	Year = {February 2012}}

@misc{mozhistview,
	Author = {Nir Sofer},
	Howpublished = {\url{http://www.nirsoft.net/utils/mozilla_history_view.html}},
	Title = {{Mozilla History View v1.43}},
	Year = {2012}}

@misc{ftk,
	Author = {{AccessData Group, LLC}},
	Howpublished = {\url{http://accessdata.com/products/computer-forensics/ftk}},
	Title = {{Forensic Toolkit v4}},
	Year = {2011}}

@misc{mozcacheview,
	Author = {Nir Sofer},
	Howpublished = {\url{http://www.nirsoft.net/utils/mozilla_cache_viewer.html}},
	Title = {{Mozilla Cache View v1.51}},
	Year = {2012}}

@misc{irfan,
	Author = {Irfan Skiljan},
	Howpublished = {http://www.irfanview.com/},
	Title = {IrfanView},
	Year = {January 2012}}

@misc{superfetch1,
	Author = {Thom Holwerda},
	Howpublished = {\url{http://www.osnews.com/story/21471/SuperFetch\_How\_it\_Works\_Myths}},
	Title = {{SuperFetch: How it Works \& Myths}},
	Year = {May 2009}}

@misc{superfetch2,
	Author = {Mark Russinovich},
	Howpublished = {\url{http://technet.microsoft.com/en-us/magazine/2007.03.vistakernel.aspx}},
	Title = {{Inside the Windows Vista Kernel: Part 2}},
	Year = {March 2007}}

@misc{rewolf,
	Author = {ReWolf},
	Howpublished = {ReWolf's blog | \url{http://blog.rewolf.pl/blog/?p=214}},
	Title = {{Windows SuperFetch file format | partial specification}},
	Year = {October 2011}}

@misc{akd,
	Author = {{LSoft Technologies Inc.}},
	Howpublished = {\url{http://www.killdisk.com/}},
	Title = {{Active KillDisk}},
	Year = {2011}}

@misc{vmware,
	Author = {{VMware, Inc.}},
	Howpublished = {http://www.vmware.com/products/player/},
	Title = {{VMware Player}},
	Year = {2012}}

@misc{writeblocker,
	Author = {WiebeTech},
	Howpublished = {http://www.wiebetech.com/products/USB-WriteBlocker.php},
	Title = {{Forensic in-line USB WriteBlocker}},
	Year = {2011}}

@misc{dd,
	Author = {{GNU Project}},
	Howpublished = {http://www.gnu.org/software/coreutils/manual/html\_node/dd-invocation.html},
	Title = {{GNU Coreutils | dd invocation}},
	Year = {Accessed January 2012}}

@misc{avast,
	Author = {{AVAST Software a.s.}},
	Howpublished = {http://www.avast.com/},
	Title = {avast!},
	Year = {2012}}

@article{jowua11-2-3-03,
	Author = {Rainer Poisel and Simon Tjoa and Paul Tavolato},
	Date-Modified = {2012-03-21 19:49:09 +0000},
	Ee = {http://isyou.info/jowua/papers/jowua-v2n3-3.pdf},
	Journal = {Journal of Wireless Mobile Networks, Ubiquitous Computing, and Dependable Applications},
	Month = {December},
	Number = {4},
	Pages = {42--58},
	Title = {Advanced File Carving Approaches for Multimedia Files},
	Volume = {2},
	Year = {2011}}

@article{jowua_usb,
	Author = {Kyungroul Lee and Hyeungjun Yeuk and Youngtae Choi and Sitha Pho and Ilsun You and Kangbin Yim},
	Date-Modified = {2012-03-21 19:48:56 +0000},
	Ee = {http://isyou.info/jowua/papers/jowua-v1n1-4.pdf},
	Journal = {Journal of Wireless Mobile Networks, Ubiquitous Computing, and Dependable Applications},
	Month = {June},
	Number = {1},
	Pages = {46--55},
	Title = {{Safe Authentication Protocol for Secure USB Memories}},
	Volume = {1},
	Year = {2010}}

@article{PalmieriF10,
 author    = {Francesco Palmieri and
              Ugo Fiore},
 title     = {Network anomaly detection through nonlinear analysis},
 journal   = {Computers {\&} Security},
 volume    = {29},
 number    = {7},
 year      = {2010},
 pages     = {737-755},
 ee        = {http://dx.doi.org/10.1016/j.cose.2010.05.002},
 bibsource = {DBLP, http://dblp.uni-trier.de}
}

@article{PalmieriFC11,
 author    = {Francesco Palmieri and
              Ugo Fiore and
              Aniello Castiglione},
 title     = {Automatic security assessment for next generation wireless
              mobile networks},
 journal   = {Mobile Information Systems},
 volume    = {7},
 number    = {3},
 year      = {2011},
 pages     = {217-239},
 ee        = {http://dx.doi.org/10.3233/MIS-2011-0119},
 bibsource = {DBLP, http://dblp.uni-trier.de}
}