%% This BibTeX bibliography file was created using BibDesk.
%% http://bibdesk.sourceforge.net/


%% Created for Giuseppe Cattaneo at 2011-09-30 17:19:16 +0200 


%% Saved with string encoding Unicode (UTF-8) 



@misc{exif,
	Author = {{Joint Photographic Experts Group}},
	Date-Added = {2011-09-30 17:19:08 +0200},
	Date-Modified = {2011-09-30 17:19:08 +0200},
	Howpublished = {\url{http://www.jpeg.org/jpeg/index.html}},
	Title = {JPEG standards: ISO/IEC IS 10918-1, ITU-T Recommendation T.81},
	Year = {2004}}

@misc{icc,
	Author = {{International Color Consortium}},
	Howpublished = {\url{http://www.color.org/icc_specs2.xalter}},
	Title = {{ICC specifications}},
	Year = {Feb 2010}}


@article{SCI_AIHC2011,
	Author = {Umberto Ferraro Petrillo and Aniello Castiglione and Giuseppe Cattaneo and Maurizio Cembalo},
	Bibsource = {DBLP, http://dblp.uni-trier.de},
	Date-Added = {2011-09-28 21:24:35 +0200},
	Date-Modified = {2011-09-29 18:10:55 +0200},
	Journal = {J. Ambient Intelligence and Humanized Computing},
	Title = {Experimentations with Source Camera Identification and Online Social Networks},
	Volume = {http://dx.doi.org/10.1007/s12652-011-0070-2},
	Year = {2011}}

@webpage{badoohelp,
	Date-Added = {2011-09-28 21:19:30 +0200},
	Date-Modified = {2011-09-28 21:20:20 +0200},
	Month = {Jul},
	Title = {Badoo help page},
	Url = {http://badoo.com/help},
	Year = {2011},
	Bdsk-Url-1 = {http://badoo.com/help}}

@article{tifs2011,
	Author = {Stamm, M.C. and Liu, K.J.R.},
	Date-Added = {2011-09-28 21:12:28 +0200},
	Date-Modified = {2011-09-28 21:13:04 +0200},
	Doi = {10.1109/TIFS.2011.2119314},
	Issn = {1556-6013},
	Journal = {Information Forensics and Security, IEEE Transactions on},
	Number = {3},
	Pages = {1050 -1065},
	Title = {Anti-Forensics of Digital Image Compression},
	Volume = {6},
	Year = {2011},
	Bdsk-Url-1 = {http://dx.doi.org/10.1109/TIFS.2011.2119314}}

@inproceedings{PopescuF04,
	Author = {Alin C. Popescu and Hany Farid},
	Bibsource = {DBLP, http://dblp.uni-trier.de},
	Booktitle = {Information Hiding},
	Crossref = {DBLP:conf/ih/2004},
	Date-Added = {2011-09-28 21:09:10 +0200},
	Date-Modified = {2011-09-28 21:09:38 +0200},
	Ee = {http://springerlink.metapress.com/openurl.asp?genre=article{\&}issn=0302-9743{\&}volume=3200{\&}spage=128},
	Pages = {128-147},
	Title = {Statistical Tools for Digital Forensics},
	Year = {2004}}

@proceedings{DBLP:conf/ih/2004,
	Bibsource = {DBLP, http://dblp.uni-trier.de},
	Booktitle = {Information Hiding},
	Date-Added = {2011-09-28 21:09:10 +0200},
	Date-Modified = {2011-09-28 21:09:10 +0200},
	Editor = {Jessica J. Fridrich},
	Isbn = {3-540-24207-4},
	Publisher = {Springer},
	Series = {Lecture Notes in Computer Science},
	Title = {Information Hiding, 6th International Workshop, IH 2004, Toronto, Canada, May 23-25, 2004, Revised Selected Papers},
	Volume = {3200},
	Year = {2004}}

@article{PevnyF08,
	Author = {Tom{\'a}s Pevn{\'y} and Jessica J. Fridrich},
	Bibsource = {DBLP, http://dblp.uni-trier.de},
	Date-Added = {2011-09-28 21:06:56 +0200},
	Date-Modified = {2011-09-28 21:09:00 +0200},
	Ee = {http://dx.doi.org/10.1109/TIFS.2008.922456},
	Journal = {IEEE Transactions on Information Forensics and Security},
	Number = {2},
	Pages = {247-258},
	Title = {Detection of Double-Compression in JPEG Images for Applications in Steganography},
	Volume = {3},
	Year = {2008}}

@webpage{ijq_qf,
	Author = {Independent JPEG Group},
	Date-Added = {2011-09-28 20:48:49 +0200},
	Date-Modified = {2011-09-28 20:51:37 +0200},
	Month = {Jan},
	Url = {http://www.ijg.org/},
	Year = {2011},
	Bdsk-Url-1 = {http://www.ijg.org/}}

@webpage{gtrend,
	Date-Added = {2011-09-23 18:21:43 +0200},
	Date-Modified = {2011-09-26 19:15:25 +0200},
	Url = {http://trends.google.com/websites?q=badoo.com},
	Year = {Jul 2011},
	Bdsk-Url-1 = {http://trends.google.com/websites?q=badoo.com}}

@webpage{badoo,
	Author = {Badoo},
	Date-Added = {2011-09-20 15:06:47 +0200},
	Date-Modified = {2011-09-26 19:15:44 +0200},
	Url = {http://corp.badoo.com/company},
	Year = {Jul 2011},
	Bdsk-Url-1 = {http://corp.badoo.com/company}}

@webpage{gplus,
	Author = {Google Inc.},
	Date-Added = {2011-09-20 15:05:14 +0200},
	Date-Modified = {2011-09-20 15:33:20 +0200},
	Month = {July},
	Title = {Social Network User Statistics as of July 2011},
	Url = {http://google-plus.com/598/social-network-user-statistics-as-of-july-2011/},
	Year = {2011},
	Bdsk-Url-1 = {http://google-plus.com/598/social-network-user-statistics-as-of-july-2011/}}

@webpage{vincos,
	Author = {Vincos},
	Date-Added = {2011-09-20 14:59:52 +0200},
	Date-Modified = {2011-09-20 15:02:09 +0200},
	Title = {Title},
	Url = {http://www.vincos.it/2011/04/27/badoo-120-milioni-di-utenti-nel-mondo-6-milioni-in-italia/},
	Year = {Apr 2011},
	Bdsk-Url-1 = {http://www.vincos.it/2011/04/27/badoo-120-milioni-di-utenti-nel-mondo-6-milioni-in-italia/}}

@webpage{pingdom,
	Author = {The Pingdom Blog},
	Date-Added = {2011-09-20 14:45:29 +0200},
	Date-Modified = {2011-09-20 14:54:39 +0200},
	Title = {Exploring the software behind facebook, the world's largest site},
	Url = {http://royal.pingdom.com/2010/06/18/the-software-behind-facebook/},
	Year = {Jun 2010},
	Bdsk-Url-1 = {http://royal.pingdom.com/2010/06/18/the-software-behind-facebook/}}

@inproceedings{castiglione_bwcca2010,
	Author = {Aniello Castiglione and Giuseppe Cattaneo and Maurizio Cembalo and Umberto Ferraro Petrillo},
	Bibsource = {DBLP, http://dblp.uni-trier.de},
	Booktitle = {BWCCA},
	Crossref = {DBLP:conf/bwcca/2010},
	Ee = {http://dx.doi.org/10.1109/BWCCA.2010.107},
	Pages = {417-422},
	Title = {Source Camera Identification in Real Practice: A Preliminary Experimentation},
	Year = {2010}}

@proceedings{DBLP:conf/bwcca/2010,
	Bibsource = {DBLP, http://dblp.uni-trier.de},
	Booktitle = {BWCCA},
	Publisher = {IEEE},
	Title = {Proceedings of the Fifth International Conference on Broadband and Wireless Computing, Communication and Applications, BWCCA 2010, November 4-6, 2010, Fukuoka Institute of Technology, Fukuoka, Japan (In conjunction with the 3PGCIC-2010 International Conference)},
	Year = {2010}}

@misc{castiglione_aihc2011,
	Author = {Aniello Castiglione and Giuseppe Cattaneo and Maurizio Cembalo and Umberto Ferraro Petrillo},
	Title = {{Experimentations with Source Camera Identification and Online Social Networks}},
	Year = {Submitted, March 2011}}

@misc{facebookstats,
	Author = {Facebook},
	Date-Modified = {2011-09-20 15:19:50 +0200},
	Url = {{http://www.facebook.com/press/info.php?statistics}},
	Year = {August 2011},
	Bdsk-Url-1 = {%7Bhttp://www.facebook.com/press/info.php?statistics%7D}}

@article{Lukas06,
	Author = {Jan Luk{\'a}s and Jessica J. Fridrich and Miroslav Goljan},
	Bibsource = {DBLP, http://dblp.uni-trier.de},
	Date-Added = {2010-05-03 13:00:45 +0200},
	Date-Modified = {2010-05-03 13:00:45 +0200},
	Ee = {http://dx.doi.org/10.1109/TIFS.2006.873602},
	Journal = {IEEE Transactions on Information Forensics and Security},
	Number = {2},
	Pages = {205-214},
	Title = {Digital Camera Identification from Sensor Pattern Noise},
	Volume = {1},
	Year = {2006}}

@article{Chen08,
	Author = {Mo Chen and Jessica J. Fridrich and Miroslav Goljan and Jan Luk{\'a}s},
	Bibsource = {DBLP, http://dblp.uni-trier.de},
	Date-Added = {2010-05-03 13:00:01 +0200},
	Date-Modified = {2010-05-03 13:00:10 +0200},
	Ee = {http://dx.doi.org/10.1109/TIFS.2007.916285},
	Journal = {IEEE Transactions on Information Forensics and Security},
	Number = {1},
	Pages = {74-90},
	Title = {{Determining Image Origin and Integrity Using Sensor Noise}},
	Volume = {3},
	Year = {2008}}

@article{Goljian09,
	Author = {Miroslav Goljan and Jessica J. Fridrich and Tomas Filler},
	Date-Added = {2010-05-03 12:59:04 +0200},
	Date-Modified = {2010-05-03 13:06:45 +0200},
	Journal = {Proc. SPIE, Electronic Imaging, Media Forensics and Security XI},
	Title = {{Large Scale Test of Sensor Fingerprint Camera Identification}},
	Year = {2009}}
