@InProceedings{autoalibi,
 title = {{Automated Construction of a False Digital Alibi}},
 author = {{A. De Santis} and {A. Castiglione} and {G. Cattaneo} and {G. De Maio} and {M. Ianulardo}},
 publisher = {{A M. Tjoa et al. (Eds.): ARES 2011, Lecture Notes in Computer Science 6908}},
 pages = {359--373}
 year = {2011}
}

@Manual{usdod5220,
 title = {{DoD Directive 5220.22, National Industrial Security Program (NISP)}},
 organization = {U.S. Department of Defense},
 month = {February},
 year = {2010},
 OPTurl = {http://www.dtic.mil/whs/directives/corres/html/522022m.htm},
}

@inproceedings{pgut02,
 author = {{P. Gutmann}},
 title = {{Data Remanence in Semiconductor Devices}},
 booktitle = {Proceedings of the 10th conference on USENIX Security Symposium - Volume 10},
 year = {2001},
 location = {Washington, D.C.},
 pages = {4--4},
 numpages = {1},
 acmid = {1267616},
 publisher = {USENIX Association},
 address = {Berkeley, CA, USA},
} 


@inproceedings{pgut01,
 author = {Gutmann, Peter},
 title = {{Secure Deletion of Data from Magnetic and Solid-State Memory}},
 booktitle = {Proceedings of the 6th conference on USENIX Security Symposium, Focusing on Applications of Cryptography - Volume 6},
 year = {1996},
 location = {San Jose, California},
 pages = {77--89},
 numpages = {1},
 acmid = {1267577},
 publisher = {USENIX Association},
 address = {Berkeley, CA, USA},
} 

@Manual{nist,
 title = {{NIST Special Publication 800-88: Guidelines for Media Sanitization}},
 organization = {pp. 7, National Institute of Standards and Technology},
 month = {September},
 year = {2006},
 OPTurl = {http://csrc.nist.gov/publications/nistpubs/800-88/NISTSP800-88_rev1.pdf},
}

@inproceedings{controversy,
  author    = {Craig Wright and
               Dave Kleiman and
               {S. Sundhar R. S.}},
  title     = {{Overwriting Hard Drive Data: The Great Wiping Controversy}},
  booktitle = {ICISS},
  year      = {2008},
  pages     = {243-257},
  crossref  = {DBLP:conf/iciss/2008},
}
@proceedings{DBLP:conf/iciss/2008,
  editor    = {R. Sekar and
               Arun K. Pujari},
  title     = {Information Systems Security, 4th International Conference,
               ICISS 2008, Hyderabad, India, December 16-20, 2008. Proceedings},
  booktitle = {ICISS},
  publisher = {Springer},
  series    = {Lecture Notes in Computer Science},
  volume    = {5352},
  year      = {2008},
  isbn      = {978-3-540-89861-0},
}


@Manual{msdn,
 title = {{Microsoft Developer Network | Change Journals}},
 author = {Microsoft},
 month = {March},
 year = {2011},
 url = {http://msdn.microsoft.com/en-us/library/aa363798%28v=VS.85%29.aspx},
}

@Article{obama,
 author = {James Glanz and John Markoff},
 title = {{U.S. Underwrites Internet Detour Around Censors}},
 journal = {New York Times},
 year = {2011},
 month = {June 12,},
}

@article{solid,
  author    = {Byunghee Lee and
               Kyungho Son and
               Dongho Won and
               Seungjoo Kim},
  title     = {{Secure Data Deletion for USB Flash Memory}},
  journal   = {J. Inf. Sci. Eng.},
  volume    = {27},
  number    = {3},
  year      = {2011},
  pages     = {933-952},
}

@Book{os,
 title = {{Operating Systems: A Concept-based Approach}},
 publisher = {{McGraw-Hill Companies}},
 year = {2008},
 author = {{D.M.~Dhamdhere}},
 OPTedition = {2},
 month = {January},
 isbn = {0072957697}
}

@INPROCEEDINGS{diskenc, 
author={Sungsu Lim and Jungheum Park and {K. Lim} and Changhoon Lee and Sangjin Lee}, 
booktitle={Human-Centric Computing (HumanCom), 2010 3rd International Conference on}, 
title={{Forensic Artifacts Left by Virtual Disk Encryption Tools}}, 
year={2010}, 
month={August}, 
volume={}, 
number={}, 
pages={1-6}, 
doi={10.1109/HUMANCOM.2010.5563320}, 
ISSN={},}

@Manual{ntfs,
 title = {{NTFS Technical Reference}},
 organization = {Microsoft Corporation},
 month = {March},
 year = {2003},
 url = {http://technet.microsoft.com/en-us/library/cc758691(WS.10).aspx}
}

@Misc{diskview,
 author = {B.~Cogswell},
 title = {{DiskView v2.4}},
 organization = {Windows Sysinternals},
 url = {http://technet.microsoft.com/en-us/sysinternals/bb896650},
}

@Misc{winhex,
 title = {{WinHex 16.0}},
 organization = {{X-Ways Software Technology AG}},
 url = {http://www.winhex.com/winhex/},
}

@Misc{deft,
 title = {{DEFT Linux 6.1}},
 url = {http://www.deftlinux.net/},
}

@Misc{secrand,
 author = {{Federal Information Processing Standards Publication}},
 title = {{FIPS 140-2, Security Requirements for Cryptographic Modules}},
 year = {2002},
 month = {{section 4.9.1}, December},
}
