%% This BibTeX bibliography file was created using BibDesk.
%% http://bibdesk.sourceforge.net/


%% Created for Giuseppe Cattaneo at 2011-01-14 17:00:49 +0100 


%% Saved with string encoding Unicode (UTF-8) 



@inproceedings{BrownHLM01,
	Author = {Michael Brown and Darrel Hankerson and Julio L{\'o}pez and Alfred Menezes},
	Booktitle = {CT-RSA},
	Ee = {http://link.springer.de/link/service/series/0558/bibs/2020/20200250.htm},
	Pages = {250-265},
	Title = {Software Implementation of the NIST Elliptic Curves Over Prime Fields},
	Year = {2001}}

@book{Menezes,
	Address = {Secaucus, NJ, USA},
	Author = {Hankerson, Darrel and Menezes, Alfred J. and Vanstone, Scott},
	Isbn = {038795273X},
	Publisher = {Springer-Verlag New York, Inc.},
	Title = {Guide to Elliptic Curve Cryptography},
	Year = {2003}}

@inproceedings{Italiano,
	Author = {Grillo, A. and Lentini, A. and Me, G. and Italiano, G.F.},
	Booktitle = {Computer Security Applications Conference, 2008. ACSAC 2008. Annual},
	Doi = {10.1109/ACSAC.2008.43},
	Issn = {1063-9527},
	Keywords = {digital signatures, electronic messaging, mobile computing, mobile radio, public key cryptography, text analysis, transaction processingelliptic curve digital signature algorithm, mobile device, personal data embedding, personal trust device, receiving private information, sending private information, transaction oriented text messaging, trusted-short message service system},
	Month = {Dec.},
	Pages = {485-494},
	Title = {{Transaction Oriented Text Messaging with Trusted-SMS}},
	Year = {2008},
	Bdsk-Url-1 = {http://dx.doi.org/10.1109/ACSAC.2008.43}}


@inproceedings{SMSauth,
	Author = {Jong-Won Seo and Je-Gyeong Jo and Hyung-Woo Lee},
	Booktitle = {Hybrid Information Technology, 2006. ICHIT '06. International Conference on},
	Doi = {10.1109/ICHIT.2006.253691},
	Month = {Nov.},
	Pages = {736-744},
	Title = {{SMS(Short Message Service) based Secure Authentication and Accounting Mechanism in Wireless Network}},
	Volume = {2},
	Year = {2006},
	Bdsk-Url-1 = {http://dx.doi.org/10.1109/ICHIT.2006.253691}}

@inproceedings{TooraniSSMS,
	Author = {Toorani, M. and Beheshti Shirazi, A.A.},
	Booktitle = {Computers and Communications, 2008. ISCC 2008. IEEE Symposium on},
	Doi = {10.1109/ISCC.2008.4625610},
	Issn = {1530-1346},
	Keywords = {cellular radio, cryptographic protocols, electronic messaging, public key cryptography, telecommunication securityGSM network, SMS messaging protocol, SSMS, elliptic curve, forward secrecy, m-payment systems, public key solution, public verification, secret key establishment, secure application layer protocol, short message service, symmetric encryption},
	Month = {July},
	Pages = {700-705},
	Title = {{SSMS - A secure SMS messaging protocol for the m-payment systems}},
	Year = {2008},
	Bdsk-Url-1 = {http://dx.doi.org/10.1109/ISCC.2008.4625610}}

@inproceedings{SecureSMSPay,
	Author = {Harb, H. and Farahat, H. and Ezz, M.},
	Booktitle = {Anti-counterfeiting, Security and Identification, 2008. ASID 2008. 2nd International Conference on},
	Doi = {10.1109/IWASID.2008.4688346},
	Keywords = {bank data processing, credit transactions, cryptography, debit transactions, electronic messaging, mobile computing, telecommunication security, transaction processing, wireless channelsSecureSMSPay, asymmetric cryptography, bank payment, credit card, cryptography key usage, debit card, decryption, encryption, macrotransaction, payment application, payment system, payment transaction, secure SMS mobile payment model, transport channel},
	Month = {Aug.},
	Pages = {11-17},
	Title = {{SecureSMSPay: Secure SMS Mobile Payment model}},
	Year = {2008},
	Bdsk-Url-1 = {http://dx.doi.org/10.1109/IWASID.2008.4688346}}

@inproceedings{SMSActCode,
	Author = {Shirali-Shahreza, M.H. and Shirali-Shahreza, M.},
	Booktitle = {Intelligent Information Hiding and Multimedia Signal Processing, 2007. IIHMSP 2007. Third International Conference on},
	Doi = {10.1109/IIH-MSP.2007.279},
	Keywords = {Java, cryptography, electronic messaging, mobile computing, mobile handsetsJava 2 Micro Edition language, Nokia N71 mobile phone, SMS picture message, mobile software activation code, security, sharewares, short message service, steganography},
	Month = {Nov.},
	Pages = {554-557},
	Title = {{Sending Mobile Software Activation Code by SMS Using Steganography}},
	Volume = {1},
	Year = {2007},
	Bdsk-Url-1 = {http://dx.doi.org/10.1109/IIH-MSP.2007.279}}

@inproceedings{SolutiontoGSMProblems,
	Author = {Toorani, M. and Beheshti Shirazi,A.A.},
	Booktitle = {Next Generation Mobile Applications, Services and Technologies, 2008. NGMAST '08. The Second International Conference on},
	Doi = {10.1109/NGMAST.2008.88},
	Keywords = {cellular radio, mobile communication, radiotelephony, telecommunication security2G systems, GSM network, GSM security weaknesses, mobile industry, transport channels},
	Month = {Sept.},
	Pages = {576-581},
	Title = {{Solutions to the GSM Security Weaknesses}},
	Year = {2008},
	Bdsk-Url-1 = {http://dx.doi.org/10.1109/NGMAST.2008.88}}

@inproceedings{StateofArtSMSsec,
	Address = {Washington, DC, USA},
	Author = {Garza-Salda\, {n}a, Juan Jos\'{e} and D\'{\i}az-P\'{e}rez, Arturo},
	Booktitle = {CERMA '08: Proceedings of the 2008 Electronics, Robotics and Automotive Mechanics Conference},
	Doi = {http://dx.doi.org/10.1109/CERMA.2008.63},
	Isbn = {978-0-7695-3320-9},
	Pages = {110--115},
	Publisher = {IEEE Computer Society},
	Title = {{State of Security for SMS on Mobile Devices}},
	Year = {2008},
	Bdsk-Url-1 = {http://dx.doi.org/10.1109/CERMA.2008.63}}

@inproceedings{IDBasedSMS,
	Author = {Shushan Zhao and Aggarwal, A. and Shuping Liu},
	Booktitle = {Wireless Telecommunications Symposium, 2008. WTS 2008},
	Doi = {10.1109/WTS.2008.4547559},
	Issn = {1934-5070},
	Keywords = {cryptography, electronic messaging, mobile radio, telecommunication security, wireless channelsMMS messages, SMS messages, end-to-end security, high-level security, identity-based cryptography, mobile telecommunication networks, mobile terminal side, mobile users, multimedia message service, secure messaging channel, secure user-to-user messaging, service providers, short message service, user-to-user communication},
	Month = {April},
	Pages = {151-157},
	Title = {{Building secure user-to-user messaging in mobile telecommunication networks}},
	Year = {2008},
	Bdsk-Url-1 = {http://dx.doi.org/10.1109/WTS.2008.4547559}}

@inproceedings{SSLSIMInteg,
	Author = {Badra, M. and Urien, P.},
	Booktitle = {Wireless Communications and Networking Conference, 2004. WCNC. 2004 IEEE},
	Issn = {1525-3511},
	Keywords = {cellular radio, cryptography, radio links, smart cards, telecommunication channels, telecommunication network reliability, telecommunication security, transport protocols Global System for Mobile Communications, SIM SmartCards, SMS, SSL integration, cryptographic loads, end-to-end security, on-the-air platform, reliable transport protocols, secure sockets layer protocol, short message service, subscriber identity module cards},
	Month = {March},
	Pages = {889-893 Vol.2},
	Title = {{Toward SSL integration in SIM SmartCards}},
	Volume = {2},
	Year = {2004}}

@inproceedings{GSMmodificationForSMS,
	Author = {Hossain, A. and Jahan, S. and Hussain, M.M. and Amin, M.R. and Shah Newaz, S.H.},
	Booktitle = {Anti-counterfeiting, Security and Identification, 2008. ASID 2008. 2nd International Conference on},
	Doi = {10.1109/IWASID.2008.4688386},
	Keywords = {cellular radio, electronic messaging, mobile communication, public key cryptography, telecommunication securityGSM encryption technology, SMS, authenticity, authorization, business tool, cipher text, confidentiality, data integrity, security system, short message service},
	Month = {Aug.},
	Pages = {235-240},
	Title = {{A proposal for enhancing the security system of short message service in GSM}},
	Year = {2008},
	Bdsk-Url-1 = {http://dx.doi.org/10.1109/IWASID.2008.4688386}}

@inproceedings{TextSteg,
	Author = {Shirali-Shahreza, M. and Shirali-Shahreza, M.H.},
	Booktitle = {Convergence Information Technology, 2007. International Conference on},
	Doi = {10.1109/ICCIT.2007.100},
	Keywords = {electronic messaging, mobile computing, security of dataJava 2 Micro Edition programming language, SMS-texting, information privacy, information security, mobile phone, short message service, text steganography},
	Month = {Nov.},
	Pages = {2260-2265},
	Title = {{Text Steganography in SMS}},
	Year = {2007},
	Bdsk-Url-1 = {http://dx.doi.org/10.1109/ICCIT.2007.100}}

@article{SMSSec,
	Author = {Johnny Li-Chang Lo and Judith Bishop and J.H.P. Eloff},
	Doi = {DOI: 10.1016/j.cose.2008.05.003},
	Issn = {0167-4048},
	Journal = {Computers \& Security},
	Keywords = {Wireless Messaging API},
	Number = {5-6},
	Pages = {154-167},
	Title = {{SMSSec: An end-to-end protocol for secure SMS}},
	Volume = {27},
	Year = {2008},
	Bdsk-Url-1 = {http://dx.doi.org/10.1016/j.cose.2008.05.003}}

@misc{Bouncy,
	Author = {{The Legion of Bouncy Castle}},
	Howpublished = {\url{http://www.bouncycastle.org/java.html}},
	Title = {{Bouncy Castle Crypto API}},
	Year = {2010}}

@inproceedings{Lisonek,
	Author = {Lisonek, D. and Drahansky, M.},
	Booktitle = {Security Technology, 2008. SECTECH '08. International Conference on},
	Doi = {10.1109/SecTech.2008.48},
	Keywords = {cellular radio, electronic messaging, public key cryptographyGSM network, SMS encryption, asymmetric RSA cipher, asymmetric cryptography, mobile communication, mobile phones, symmetric cryptography},
	Month = {Dec.},
	Pages = {198-201},
	Title = {{SMS Encryption for Mobile Communication}},
	Year = {2008},
	Bdsk-Url-1 = {http://dx.doi.org/10.1109/SecTech.2008.48}}

@inproceedings{HassinenJ2ME,
	Author = {Hassinen, M.},
	Booktitle = {Information and Communication Technologies, 2006. ICTTA '06. 2nd},
	Month = {April},
	Pages = {88-93},
	Title = {{Java based Public Key Infrastructure for SMS Messaging}},
	Volume = {1},
	Year = {2006}}

@inproceedings{HassinenSIM,
	Author = {Marko Hassinen and Konstantin Hypp{\"o}nen and Keijo Haataja},
	Bibsource = {DBLP, http://dblp.uni-trier.de},
	Booktitle = {ETRICS},
	Ee = {http://dx.doi.org/10.1007/11766155_7},
	Pages = {86-100},
	Title = {{An Open, PKI-Based Mobile Payment System}},
	Year = {2006}}

@inproceedings{SafeSMS,
	Author = {Hassinen, M.},
	Booktitle = {Telecommunications, 2005. ConTEL 2005. Proceedings of the 8th International Conference on},
	Month = {15-17,},
	Pages = {359-365},
	Title = {{SafeSMS - end-to-end encryption for SMS}},
	Volume = {2},
	Year = {2005}}

@inproceedings{Quasigroup,
	Author = {Marko Hassinen and Smile Markovski},
	Bibsource = {DBLP, http://dblp.uni-trier.de},
	Booktitle = {SPLST},
	Pages = {187-200},
	Title = {{Secure SMS messaging using Quasigroup encryption and Java SMS API}},
	Year = {2003}}

@article{JohnsonMV01,
	Author = {Don Johnson and Alfred Menezes and Scott A. Vanstone},
	Bibsource = {DBLP, http://dblp.uni-trier.de},
	Ee = {http://dx.doi.org/10.1007/s102070100002},
	Journal = {Int. J. Inf. Sec.},
	Number = {1},
	Pages = {36-63},
	Title = {{The Elliptic Curve Digital Signature Algorithm (ECDSA)}},
	Volume = {1},
	Year = {2001}}

@article{PKISIM,
	Author = {Rongyu He and Zheng Qin and Xi Qin},
	Institution = {DOAJ-Articles [http://www.doaj.org/oai.article] (Sweden)},
	Keywords = {PKI-SIM card, session key, primary key, PLMN, strong authentication},
	Publisher = {Asian Network for Scientific Information, Pakistan},
	Title = {{A Secured Mobile Access Scheme for SMS Message}},
	Url = {http://www.scialert.net/pdfs/itj/2008/261-268.pdf},
	Year = {2008},
	Bdsk-Url-1 = {http://www.scialert.net/pdfs/itj/2008/261-268.pdf}}

@misc{Postemobile,
	Author = {{PosteMobile Web Site}},
	Howpublished = {\url{http://www.postemobile.it}},
	Year = {2010}}

@misc{Noverca,
	Author = {{Noverca Web Site}},
	Howpublished = {\url{http://www.noverca.it/}},
	Year = {2010}}

@misc{NISTDSA,
	Author = {{U.S. National Institute of Standards and Technology (NIST)}},
	Howpublished = {FIPS PUB 186},
	Month = {May},
	Title = {{The Digital Signature Standard (DSS)}},
	Year = {1994}}

@article{Rivest78amethod,
	Author = {Ron Rivest and Adi Shamir and Len Adleman},
	Journal = {Communications of the ACM},
	Pages = {120--126},
	Title = {{A Method for Obtaining Digital Signatures and Public-Key Cryptosystems}},
	Volume = {21},
	Year = {1978}}

@misc{IpcryptSim,
	Author = {{IPCS Group}},
	Howpublished = {\url{http://www.ipcslive.com/pdf/IPCSSMS.pdf}},
	Year = {2010}}

@misc{SMSStatistics,
	Author = {{Portio Research}},
	Howpublished = {\url{http://www.portioresearch.com/MMF10-14_press.html}},
	Year = {July 2010}}

@misc{Miabo,
	Author = {Ugo Chirico},
	Howpublished = {\url{http://www.ugosweb.com/miabo/}},
	Title = {Message in a Bottle},
	Year = {2010}}

@article{PK-Sim,
	Author = {He Rongyu and Zhao Guolei and Chang Chaowen and Xie Hui and Qin Xi and Qin Zheng},
	Doi = {DOI: 10.1016/j.csi.2008.06.011},
	Issn = {0920-5489},
	Journal = {Computer Standards \& Interfaces},
	Keywords = {Primary key},
	Number = {4},
	Pages = {629-641},
	Title = {{A PK-SIM card based end-to-end security framework for SMS}},
	Volume = {31},
	Year = {2009},
	Bdsk-Url-1 = {http://dx.doi.org/10.1016/j.csi.2008.06.011}}

@article{Potlapally06,
	Address = {Los Alamitos, CA, USA},
	Author = {Nachiketh R. Potlapally and Srivaths Ravi and Anand Raghunathan and Niraj K. Jha},
	Doi = {http://doi.ieeecomputersociety.org/10.1109/TMC.2006.16},
	Issn = {1536-1233},
	Journal = {IEEE Transactions on Mobile Computing},
	Number = {2},
	Pages = {128-143},
	Publisher = {IEEE Computer Society},
	Title = {{A Study of the Energy Consumption Characteristics of Cryptographic Algorithms and Security Protocols}},
	Volume = {5},
	Year = {2006},
	Bdsk-Url-1 = {http://doi.ieeecomputersociety.org/10.1109/TMC.2006.16}}

@inproceedings{KimHL06,
	Author = {Kihong Kim and Jinkeun Hong and Jongin Lim},
	Bibsource = {DBLP, http://dblp.uni-trier.de},
	Booktitle = {DEXA},
	Ee = {http://dx.doi.org/10.1007/11827405_87},
	Pages = {894-903},
	Title = {{Analysis of the Power Consumption of Secure Communication in Wireless Networks}},
	Year = {2006}}

@conference{wander2005energy,
	Author = {Wander, A.S. and Gura, N. and Eberle, H. and Gupta, V. and Shantz, S.C.},
	Booktitle = {Proceedings of the Third IEEE International Conference on Pervasive Computing and Communications},
	Organization = {IEEE Computer Society Washington, DC, USA},
	Pages = {324--328},
	Title = {{Energy analysis of public-key cryptography for wireless sensor networks}},
	Year = {2005}}

@misc{beer,
	Author = {{Clickatell SMS API}},
	Howpublished = {\url{http://www.clickatell.co.za/blog/2009/04/sms-beer-alert-you-are-in-danger-of-running-out/}},
	Year = {2010}}

@misc{AMRimini,
	Author = {{Carta SI}},
	Howpublished = {\url{http://www.cartasi.it/download/AM_Rimini.pdf}},
	Year = {2010}}

@misc{PdaDB,
	Author = {PDAdb.net},
	Howpublished = {\url{http://pdadb.net/}},
	Year = {2010}}

@misc{aginova,
	Author = {{Aginova Inc.}},
	Howpublished = {\url{http://www.aginova.com/}},
	Year = {2010}}

@misc{telelog,
	Author = {Tele-Log},
	Howpublished = {\url{http://www.tele-log.com/domotica-e.html}},
	Year = {2010}}

@misc{sec2,
	Author = {{Certicom Research}},
	Howpublished = {\url{http://www.secg.org/download/aid-386/sec2_final.pdf}},
	Title = {Standards for efficient cryptography -- {SEC 2: Recommended Elliptic Curve Domain Parameters}},
	Year = {2010}}

@misc{sec1,
	Author = {{Certicom Research}},
	Howpublished = {\url{http://www.secg.org/download/aid-385/sec1_final.pdf}},
	Title = {Standards for efficient cryptography -- {SEC 1: Elliptic Curve Cryptography}},
	Year = {2010}}

@inproceedings{DoYouTrust,
	Address = {Berlin, Heidelberg},
	Author = {Aniello Castiglione and Roberto {De Prisco} and Alfredo {De Santis}},
	Booktitle = {{EC-Web 2009: Proceedings of the 10th International Conference on E-Commerce and Web Technologies}},
	Doi = {http://dx.doi.org/10.1007/978-3-642-03964-5_6},
	Isbn = {978-3-642-03963-8},
	Location = {Linz, Austria},
	Pages = {50--61},
	Publisher = {Springer-Verlag},
	Title = {{Do You Trust Your Phone?}},
	Volume = {LNCS 5692},
	Year = {2009},
	Bdsk-Url-1 = {http://dx.doi.org/10.1007/978-3-642-03964-5_6}}

@misc{EnergyProf,
	Author = {{Forum Nokia - Energy Profiler}},
	Howpublished = {\url{http://www.forum.nokia.com/info/sw.nokia.com/id/324866e9-0460-4fa4-ac53-01f0c392d40f/Nokia_Energy_Profiler.html}},
	Year = {2010}}

@inproceedings{DeSantis2010,
	Acmid = {1796573},
	Address = {Washington, DC, USA},
	Author = {Aniello Castiglione and Giuseppe Cattaneo and Maurizio Cembalo and Alfredo {De Santis} and Umberto {Ferraro Petrillo} and Fabio Petagna},
	Booktitle = {Proceedings of the 2010 International Conference on Complex, Intelligent and Software Intensive Systems},
	Doi = {http://dx.doi.org/10.1109/CISIS.2010.81},
	Isbn = {978-0-7695-3967-6},
	Keywords = {Elliptic curve cryptography, mobile secure communications, SMS security, power consumption analysis, performance analysis},
	Numpages = {8},
	Pages = {843--850},
	Publisher = {IEEE Computer Society},
	Series = {CISIS '10},
	Title = {An Extensible Framework for Efficient Secure SMS},
	Url = {http://dx.doi.org/10.1109/CISIS.2010.81},
	Year = {2010},
	Bdsk-Url-1 = {http://dx.doi.org/10.1109/CISIS.2010.81}}
