@inproceedings{speech,
    author = {Aniello Castiglione and Giuseppe Cattaneo and Alfredo De Santis and Fabio Petagna and Umberto Ferraro Petrillo},
    title = {{SPEECH: Secure Personal End-to-End Communication with Handheld}},
    booktitle = {{ISSE}},
    year = {2006},
    pages = {287-297},
    ee = {http://dx.doi.org/10.1007/978-3-8348-9195-2_31},
    bibsource = {DBLP, http://dblp.uni-trier.de}
}

@inproceedings{srsly,
    author = {Nohl Karsten and Chris Paget},
    title = {{GSM: SRSLY?}},
    booktitle = {26th Chaos Communication Congress},
    year = {2009},
    url = {http://events.ccc.de/congress/2009/Fahrplan/events/3654.en.html}
}

@misc{A53attack,
    author = {Orr Dunkelman and Nathan Keller and Adi Shamir},
    title = {{A Practical-Time Attack on the A5/3 Cryptosystem Used in Third Generation GSM Telephony}},
    howpublished = {Cryptology ePrint Archive, Report 2010/013},
    year = {2010},
    note = {\url{http://eprint.iacr.org/2010/013}},
}

@misc{3g324m,
    author = {{3rd Generation Partnership Project; Technical Specification Group Services and System Aspects}},
    title = {{Codec for circuit switched multimedia telephony service; Modifications to H.324 (Release 9)}},
    year = {2009},
    note = {\url{http://www.3gpp.org/ftp/Specs/html-info/26111.htm}},
}

@misc{h324,
    author = {{ITU-T Standardization Sector}},
    title = {{Recommendation H.324: Terminal for low bit-rate multimedia communication}},
    year = {2009},
    note = {\url{http://www.itu.int/rec/T-REC-H.324/recommendation.asp?lang=en&parent=T-REC-H.324-200904-I}},
}

@misc{map,
    author = {{3rd Generation Partnership Project, Technical Specification, Group Core Network}},
    title = {{Mobile Application Part (MAP) Specification (Release 5), 3GPP TS 29.002, 2002.}},
    year = {2002},
    note = {\url{http://www.3gpp.org/ftp/Specs/html-info/29002.htm}},
}


@misc{mapsec,
    author = {{3rd Generation Partnership Project, Technical Specification, Group SA3, Security}},
    title = {{3G Security; Network Domain Security (NDS); Mobile Application Part (MAP) application layer security, 3GPP TS 33.200}},
    year = {2007},
    note = {\url{http://www.3gpp.org/ftp/specs/html-info/33200.htm}},
}

@misc{kasumi,
    author = {{3rd Generation Partnership Project; Technical Specification Group Services and System Aspects}},
    title = {{3G Security; Specification of the 3GPP Confidentiality and Integrity Algorithms; Document 2: KASUMI Specification}},
    year = {2000},
    note = {\url{http://www.3gpp.org/ftp/Specs/html-info/35202.htm}},
}

@misc{ss7,
    author = {{ITU-T Standardization Sector}},
    title = {{Recommendation Q.700}},
    year = {1993},
    note = {\url{http://www.itu.int/rec/T-REC-Q.700/en}},
}

@misc{h.263,
    author = {{ITU-T Standardization Sector}},
    title = {{Recommendation H.263}},
    year = {2007},
    note = {\url{http://www.itu.int/rec/T-REC-H.263/en}},
}

@misc{amr,
    author = {{3rd Generation Partnership Project, Technical Specification}},
    title = {{3GPP TS 26.190; Transcoding functions}},
    year = {2009},
    note = {\url{http://www.3gpp.org/ftp/Specs/html-info/26190.htm}},
}

@book{umtsbook,
 author = {Kappler, Cornelia},
 title = {{UMTS Networks and Beyond}},
 year = {2009},
 isbn = {0470031905, 9780470031902},
 publisher = {Wiley Publishing},
 }

@misc{pkcs,
    author = {{RSA Laboratories}},
    title = {{PKCS \#5: Password-Based Cryptography Specification Version 2.0}},
    year = {2000},
    note = {\url{http://tools.ietf.org/html/rfc2898#section-5.2}},
}

@misc{ecc,
    author = {Elaine Barker and Don Johnson and Miles Smid },
    title = {{NIST Special Publication 800-56A; Recommendation for Pair-Wise Key Establishment Schemes Using Discrete Logarithm Cryptography}},
    year = {2007},
    note = {\url{http://csrc.nist.gov/publications/nistpubs/800-56A/SP800-56A_Revision1_Mar08-2007.pdf}},
}

@misc{tls,
    author = {T. Dierks and E. Rescorla},
    title = {{The Transport Layer Security (TLS) Protocol Version 1.2}},
    year = {2008},
    note = {\url{http://tools.ietf.org/html/rfc5246}},
}