%% This BibTeX bibliography file was created using BibDesk.
%% http://bibdesk.sourceforge.net/


%% Created for Pompeo Faruolo at 2009-02-05 15:29:35 +0100 


%% Saved with string encoding Unicode (UTF-8) 
@inproceedings{MamboO97,
	Author = {Masahiro Mambo and Eiji Okamoto},
	Booktitle = { IEICE Trans. Fundamentals E80-A(1)},
	Date-Added = {2009-02-03 17:11:02 +0100},
	Date-Modified = {2009-02-03 17:14:19 +0100},
	Pages = {54--63},
	Title = {Proxy cryptosystem: delegation of the power to decrypt ciphertexts},
	Year = {1997}}


@inproceedings{DBLP:conf/wetice/ShumW02,
	Author = {K. Shum and                Victor K. Wei},
	Bibsource = {DBLP, http://dblp.uni-trier.de},
	Booktitle = {WETICE},
	Crossref = {DBLP:conf/wetice/2002},
	Date-Added = {2009-02-05 15:28:31 +0100},
	Date-Modified = {2009-02-05 15:28:31 +0100},
	Pages = {55-56},
	Title = {A Strong Proxy Signature Scheme with Proxy Signer Privacy                Protection},
	Year = {2002},
	Bdsk-Url-1 = {http://computer.org/proceedings/wetice/1748/17480055abs.htm}}

@proceedings{DBLP:conf/wetice/2002,
	Bibsource = {DBLP, http://dblp.uni-trier.de},
	Date-Added = {2009-02-05 15:28:31 +0100},
	Date-Modified = {2009-02-05 15:28:31 +0100},
	Isbn = {0-7695-1748-X},
	Publisher = {IEEE Computer Society},
	Title = {11th IEEE International Workshops on Enabling Technologies:                Infrastructure for Collaborative Enterprises (WETICE 2002),                10-12 June 2002, Pittsburgh, PA, USA},
	Year = {2002}}

@inproceedings{DBLP:conf/ccs/MamboUO96,
	Author = {Masahiro Mambo and                Keisuke Usuda and                Eiji Okamoto},
	Bibsource = {DBLP, http://dblp.uni-trier.de},
	Booktitle = {ACM Conference on Computer and Communications Security},
	Date-Added = {2009-02-05 15:28:31 +0100},
	Date-Modified = {2009-02-05 15:28:31 +0100},
	Pages = {48-57},
	Title = {Proxy Signatures for Delegating Signing Operation},
	Year = {1996},
	Bdsk-Url-1 = {http://doi.acm.org/10.1145/238168.238185}}

@inproceedings{DBLP:conf/indocrypt/WangSCMY07,
	Author = {Lihua Wang and                Jun Shao and                Zhenfu Cao and                Masahiro Mambo and                Akihiro Yamamura},
	Bibsource = {DBLP, http://dblp.uni-trier.de},
	Booktitle = {INDOCRYPT},
	Crossref = {DBLP:conf/indocrypt/2007},
	Date-Added = {2009-02-05 15:28:30 +0100},
	Date-Modified = {2009-02-05 15:28:30 +0100},
	Pages = {297-311},
	Title = {A Certificate-Based Proxy Cryptosystem with Revocable Proxy                Decryption Power},
	Year = {2007},
	Bdsk-Url-1 = {http://dx.doi.org/10.1007/978-3-540-77026-8_22}}

@proceedings{DBLP:conf/indocrypt/2007,
	Bibsource = {DBLP, http://dblp.uni-trier.de},
	Booktitle = {INDOCRYPT},
	Date-Added = {2009-02-05 15:28:30 +0100},
	Date-Modified = {2009-02-05 15:28:30 +0100},
	Editor = {K. Srinathan and                C. Pandu Rangan and                Moti Yung},
	Isbn = {978-3-540-77025-1},
	Publisher = {Springer},
	Series = {Lecture Notes in Computer Science},
	Title = {Progress in Cryptology - INDOCRYPT 2007, 8th International                Conference on Cryptology in India, Chennai, India, December                9-13, 2007, Proceedings},
	Volume = {4859},
	Year = {2007}}

@inproceedings{DBLP:conf/icisc/WangBZD03,
	Author = {Guilin Wang and                Feng Bao and                Jianying Zhou and                Robert H. Deng},
	Bibsource = {DBLP, http://dblp.uni-trier.de},
	Booktitle = {ICISC},
	Crossref = {DBLP:conf/icisc/2003},
	Date-Added = {2009-02-05 15:28:29 +0100},
	Date-Modified = {2009-02-05 15:28:29 +0100},
	Pages = {305-319},
	Title = {Security Analysis of Some Proxy Signatures},
	Year = {2003},
	Bdsk-Url-1 = {http://springerlink.metapress.com/openurl.asp?genre=article&issn=0302-9743&volume=2971&spage=305}}

@proceedings{DBLP:conf/icisc/2003,
	Bibsource = {DBLP, http://dblp.uni-trier.de},
	Booktitle = {ICISC},
	Date-Added = {2009-02-05 15:28:29 +0100},
	Date-Modified = {2009-02-05 15:28:29 +0100},
	Editor = {Jong In Lim and                Dong Hoon Lee},
	Isbn = {3-540-21376-7},
	Publisher = {Springer},
	Series = {Lecture Notes in Computer Science},
	Title = {Information Security and Cryptology - ICISC 2003, 6th International                Conference, Seoul, Korea, November 27-28, 2003, Revised                Papers},
	Volume = {2971},
	Year = {2004}}

@inproceedings{DBLP:conf/isw/OkamotoTO99,
	Author = {Takeshi Okamoto and                Mitsuru Tada and                Eiji Okamoto},
	Bibsource = {DBLP, http://dblp.uni-trier.de},
	Booktitle = {ISW},
	Crossref = {DBLP:conf/isw/1999},
	Date-Added = {2009-02-05 15:28:29 +0100},
	Date-Modified = {2009-02-05 15:28:29 +0100},
	Pages = {247-258},
	Title = {Extended Proxy Signatures for Smart Cards},
	Year = {1999},
	Bdsk-Url-1 = {http://link.springer.de/link/service/series/0558/bibs/1729/17290247.htm}}

@proceedings{DBLP:conf/isw/1999,
	Bibsource = {DBLP, http://dblp.uni-trier.de},
	Booktitle = {ISW},
	Date-Added = {2009-02-05 15:28:29 +0100},
	Date-Modified = {2009-02-05 15:28:29 +0100},
	Editor = {Masahiro Mambo and                Yuliang Zheng},
	Isbn = {3-540-66695-8},
	Publisher = {Springer},
	Series = {Lecture Notes in Computer Science},
	Title = {Information Security, Second International Workshop, ISW'99,                Kuala Lumpur, Malaysia, November 1999, Proceedings},
	Volume = {1729},
	Year = {1999}}

@inproceedings{DBLP:conf/cisc/ZhouCC05,
	Author = {Yuan Zhou and                Zhenfu Cao and                Zhenchuan Chai},
	Bibsource = {DBLP, http://dblp.uni-trier.de},
	Booktitle = {CISC},
	Crossref = {DBLP:conf/cisc/2005},
	Date-Added = {2009-02-05 15:28:28 +0100},
	Date-Modified = {2009-02-05 15:28:28 +0100},
	Pages = {150-161},
	Title = {Constructing Secure Proxy Cryptosystem},
	Year = {2005},
	Bdsk-Url-1 = {http://dx.doi.org/10.1007/11599548_13}}

@proceedings{DBLP:conf/cisc/2005,
	Bibsource = {DBLP, http://dblp.uni-trier.de},
	Booktitle = {CISC},
	Date-Added = {2009-02-05 15:28:28 +0100},
	Date-Modified = {2009-02-05 15:28:28 +0100},
	Editor = {Dengguo Feng and                Dongdai Lin and                Moti Yung},
	Isbn = {3-540-30855-5},
	Publisher = {Springer},
	Series = {Lecture Notes in Computer Science},
	Title = {Information Security and Cryptology, First SKLOIS Conference,                CISC 2005, Beijing, China, December 15-17, 2005, Proceedings},
	Volume = {3822},
	Year = {2005}}

@inproceedings{DBLP:conf/itng/LeeC07a,
	Author = {Ji-Seon Lee and                Jik Hyun Chang},
	Bibsource = {DBLP, http://dblp.uni-trier.de},
	Booktitle = {ITNG},
	Crossref = {DBLP:conf/itng/2007},
	Date-Added = {2009-02-05 15:26:33 +0100},
	Date-Modified = {2009-02-05 15:26:33 +0100},
	Pages = {971},
	Title = {Generating a Proxy Signature on a Confidential Message},
	Year = {2007},
	Bdsk-Url-1 = {http://doi.ieeecomputersociety.org/10.1109/ITNG.2007.96}}

@proceedings{DBLP:conf/snpd/2007,
	Bibsource = {DBLP, http://dblp.uni-trier.de},
	Booktitle = {SNPD},
	Date-Added = {2009-02-05 15:26:33 +0100},
	Date-Modified = {2009-02-05 15:26:33 +0100},
	Editor = {Wenying Feng and                Feng Gao},
	Isbn = {0-7695-2909-7},
	Publisher = {IEEE Computer Society},
	Title = {Proceedings of the 8th ACIS International Conference on                Software Engineering, Artificial Intelligence, Networking                and Parallel/Distributed Computing, SNPD 2007, July 30 -                August 1, 2007, Qingdao, China},
	Year = {2007}}

@proceedings{DBLP:conf/europki/2008,
	Bibsource = {DBLP, http://dblp.uni-trier.de},
	Booktitle = {EuroPKI},
	Date-Added = {2009-02-05 15:26:33 +0100},
	Date-Modified = {2009-02-05 15:26:33 +0100},
	Editor = {Stig Fr. Mj{\o}lsnes and                Sjouke Mauw and                Sokratis K. Katsikas},
	Isbn = {978-3-540-69484-7},
	Publisher = {Springer},
	Series = {Lecture Notes in Computer Science},
	Title = {Public Key Infrastructure, 5th European PKI Workshop: Theory                and Practice, EuroPKI 2008, Trondheim, Norway, June 16-17,                2008, Proceedings},
	Volume = {5057},
	Year = {2008}}

@proceedings{DBLP:conf/aina/2008,
	Bibsource = {DBLP, http://dblp.uni-trier.de},
	Booktitle = {AINA},
	Date-Added = {2009-02-05 15:26:33 +0100},
	Date-Modified = {2009-02-05 15:26:33 +0100},
	Publisher = {IEEE Computer Society},
	Title = {22nd International Conference on Advanced Information Networking                and Applications, AINA 2008, GinoWan, Okinawa, Japan, March                25-28, 2008},
	Year = {2008}}

@inproceedings{DBLP:conf/imecs/Chien06,
	Author = {Hung-Yu Chien},
	Bibsource = {DBLP, http://dblp.uni-trier.de},
	Booktitle = {IMECS},
	Crossref = {DBLP:conf/imecs/2006},
	Date-Added = {2009-02-05 15:26:33 +0100},
	Date-Modified = {2009-02-05 15:26:33 +0100},
	Pages = {160-162},
	Title = {On the Revocation of Proxy Signatures},
	Year = {2006}}

@inproceedings{DBLP:conf/isw/TingH08,
	Author = {Pei-yih Ting and                Xiao-Wei Huang},
	Bibsource = {DBLP, http://dblp.uni-trier.de},
	Booktitle = {ISC},
	Crossref = {DBLP:conf/isw/2008},
	Date-Added = {2009-02-05 15:26:33 +0100},
	Date-Modified = {2009-02-05 15:26:33 +0100},
	Pages = {277-284},
	Title = {An RSA-Based (t, n) Threshold Proxy Signature Scheme without                Any Trusted Combiner},
	Year = {2008},
	Bdsk-Url-1 = {http://dx.doi.org/10.1007/978-3-540-85886-7_19}}

@inproceedings{DBLP:conf/csse/JiangYHDW08,
	Author = {Zoe L. Jiang and                Siu-Ming Yiu and                Lucas Chi Kwong Hui and                Y. Dong and                Starsky H. Y. Wong},
	Bibsource = {DBLP, http://dblp.uni-trier.de},
	Booktitle = {CSSE (3)},
	Crossref = {DBLP:conf/csse/2008-3},
	Date-Added = {2009-02-05 15:26:33 +0100},
	Date-Modified = {2009-02-05 15:26:33 +0100},
	Pages = {837-840},
	Title = {Chained Threshold Proxy Signature without and with Supervision},
	Year = {2008},
	Bdsk-Url-1 = {http://dx.doi.org/10.1109/CSSE.2008.1353}}

@inproceedings{DBLP:conf/itng/LiXC07,
	Author = {Fengying Li and                Qingshui Xue and                Zhenfu Cao},
	Bibsource = {DBLP, http://dblp.uni-trier.de},
	Booktitle = {ITNG},
	Crossref = {DBLP:conf/itng/2007},
	Date-Added = {2009-02-05 15:26:33 +0100},
	Date-Modified = {2009-02-05 15:26:33 +0100},
	Pages = {815-818},
	Title = {Crypanalysis of Kuo and Chen's Threshold Proxy Signature                Scheme Based on the RSA},
	Year = {2007},
	Bdsk-Url-1 = {http://doi.ieeecomputersociety.org/10.1109/ITNG.2007.61}}

@proceedings{DBLP:conf/wistp/2007,
	Bibsource = {DBLP, http://dblp.uni-trier.de},
	Booktitle = {WISTP},
	Date-Added = {2009-02-05 15:26:33 +0100},
	Date-Modified = {2009-02-05 15:26:33 +0100},
	Editor = {Damien Sauveron and                Constantinos Markantonakis and                Angelos Bilas and                Jean-Jacques Quisquater},
	Isbn = {978-3-540-72353-0},
	Publisher = {Springer},
	Series = {Lecture Notes in Computer Science},
	Title = {Information Security Theory and Practices. Smart Cards,                Mobile and Ubiquitous Computing Systems, First IFIP TC6                / WG 8.8 / WG 11.2 International Workshop, WISTP 2007, Heraklion,                Crete, Greece, May 9-11, 2007, Proceedings},
	Volume = {4462},
	Year = {2007}}

@proceedings{DBLP:conf/cit/2007,
	Bibsource = {DBLP, http://dblp.uni-trier.de},
	Booktitle = {ICIT},
	Date-Added = {2009-02-05 15:26:33 +0100},
	Date-Modified = {2009-02-05 15:26:33 +0100},
	Publisher = {IEEE Computer Society},
	Title = {10th International Conference in Information Technology,                ICIT 2007, Roukela, India, 17-20 December 2007},
	Year = {2007}}

@proceedings{DBLP:conf/pkc/2008,
	Bibsource = {DBLP, http://dblp.uni-trier.de},
	Booktitle = {Public Key Cryptography},
	Date-Added = {2009-02-05 15:26:33 +0100},
	Date-Modified = {2009-02-05 15:26:33 +0100},
	Editor = {Ronald Cramer},
	Isbn = {978-3-540-78439-5},
	Publisher = {Springer},
	Series = {Lecture Notes in Computer Science},
	Title = {Public Key Cryptography - PKC 2008, 11th International Workshop                on Practice and Theory in Public-Key Cryptography, Barcelona,                Spain, March 9-12, 2008. Proceedings},
	Volume = {4939},
	Year = {2008}}

@proceedings{DBLP:conf/isw/2008,
	Bibsource = {DBLP, http://dblp.uni-trier.de},
	Booktitle = {ISC},
	Date-Added = {2009-02-05 15:26:33 +0100},
	Date-Modified = {2009-02-05 15:26:33 +0100},
	Editor = {Tzong-Chen Wu and                Chin-Laung Lei and                Vincent Rijmen and                Der-Tsai Lee},
	Isbn = {978-3-540-85884-3},
	Publisher = {Springer},
	Series = {Lecture Notes in Computer Science},
	Title = {Information Security, 11th International Conference, ISC                2008, Taipei, Taiwan, September 15-18, 2008. Proceedings},
	Volume = {5222},
	Year = {2008}}

@inproceedings{DBLP:conf/iat/XuYGN07,
	Author = {Guo-Sheng Xu and                Yixian Yang and                Li-ze Gu and                Xinxin Niu},
	Bibsource = {DBLP, http://dblp.uni-trier.de},
	Booktitle = {Web Intelligence/IAT Workshops},
	Crossref = {DBLP:conf/iat/2007w},
	Date-Added = {2009-02-05 15:26:33 +0100},
	Date-Modified = {2009-02-05 15:26:33 +0100},
	Pages = {315-318},
	Title = {ID-Based Multi-proxy Sequential Signature System from Bilinear                Pairing},
	Year = {2007},
	Bdsk-Url-1 = {http://dx.doi.org/10.1109/WIIATW.2007.4427597}}

@inproceedings{DBLP:conf/csreaSAM/ZhaoTLZ06,
	Author = {Zemao Zhao and                Xiangxong Tang and                Bin Li and                Longhai Zhu},
	Bibsource = {DBLP, http://dblp.uni-trier.de},
	Booktitle = {Security and Management},
	Crossref = {DBLP:conf/csreaSAM/2006},
	Date-Added = {2009-02-05 15:26:33 +0100},
	Date-Modified = {2009-02-05 15:26:33 +0100},
	Pages = {138-144},
	Title = {An ID-based Anonymous Proxy Signature From Bilinear Pairings},
	Year = {2006}}

@article{DBLP:journals/corr/abs-cs-0612098,
	Author = {Manik Lal Das and                Ashutosh Saxena and                Deepak B. Phatak},
	Bibsource = {DBLP, http://dblp.uni-trier.de},
	Date-Added = {2009-02-05 15:26:33 +0100},
	Date-Modified = {2009-02-05 15:26:33 +0100},
	Journal = {CoRR},
	Title = {Algorithms and Approaches of Proxy Signature: A Survey},
	Volume = {abs/cs/0612098},
	Year = {2006},
	Bdsk-Url-1 = {http://arxiv.org/abs/cs/0612098}}

@inproceedings{DBLP:conf/cans/LuCD06,
	Author = {Rongxing Lu and                Zhenfu Cao and                Xiaolei Dong},
	Bibsource = {DBLP, http://dblp.uni-trier.de},
	Booktitle = {CANS},
	Crossref = {DBLP:conf/cans/2006},
	Date-Added = {2009-02-05 15:26:33 +0100},
	Date-Modified = {2009-02-05 15:26:33 +0100},
	Pages = {153-167},
	Title = {Efficient ID-Based One-Time Proxy Signature and Its Application                in E-Cheque},
	Year = {2006},
	Bdsk-Url-1 = {http://dx.doi.org/10.1007/11935070_10}}

@article{DBLP:journals/fuin/PomykalaB06,
	Author = {Jacek Pomykala and                Slawomir Barabasz},
	Bibsource = {DBLP, http://dblp.uni-trier.de},
	Date-Added = {2009-02-05 15:26:33 +0100},
	Date-Modified = {2009-02-05 15:26:33 +0100},
	Journal = {Fundam. Inform.},
	Number = {4},
	Pages = {411-425},
	Title = {Eliptic Curve Based Threshold Proxy Signature Scheme with                Known Signers},
	Volume = {69},
	Year = {2006},
	Bdsk-Url-1 = {http://iospress.metapress.com/openurl.asp?genre=article&issn=0169-2968&volume=69&issue=4&spage=411}}

@inproceedings{DBLP:conf/provsec/LiuHM08,
	Author = {Zhenhua Liu and                Yupu Hu and                Hua Ma},
	Bibsource = {DBLP, http://dblp.uni-trier.de},
	Booktitle = {ProvSec},
	Crossref = {DBLP:conf/provsec/2008},
	Date-Added = {2009-02-05 15:26:33 +0100},
	Date-Modified = {2009-02-05 15:26:33 +0100},
	Pages = {127-140},
	Title = {Secure Proxy Multi-signature Scheme in the Standard Model},
	Year = {2008},
	Bdsk-Url-1 = {http://dx.doi.org/10.1007/978-3-540-88733-1_9}}

@inproceedings{DBLP:conf/pdcat/LiuYW06,
	Author = {Wenqi Liu and                Jianhua Yang and                Lei Wei},
	Bibsource = {DBLP, http://dblp.uni-trier.de},
	Booktitle = {PDCAT},
	Crossref = {DBLP:conf/pdcat/2006},
	Date-Added = {2009-02-05 15:26:33 +0100},
	Date-Modified = {2009-02-05 15:26:33 +0100},
	Pages = {454-459},
	Title = {A Secure Threshold Proxy Signature Scheme for Mobile Agent-Based                Electronic Commerce Transactions},
	Year = {2006},
	Bdsk-Url-1 = {http://doi.ieeecomputersociety.org/10.1109/PDCAT.2006.16}}

@inproceedings{DBLP:conf/imsccs/GuoCL06,
	Author = {Sheng Guo and                Zhenfu Cao and                Rongxing Lu},
	Bibsource = {DBLP, http://dblp.uni-trier.de},
	Booktitle = {IMSCCS (2)},
	Crossref = {DBLP:conf/imsccs/2006-2},
	Date-Added = {2009-02-05 15:26:33 +0100},
	Date-Modified = {2009-02-05 15:26:33 +0100},
	Pages = {81-88},
	Title = {An Efficient ID-Based Multi-proxy Multi-Signature Scheme},
	Year = {2006},
	Bdsk-Url-1 = {http://doi.ieeecomputersociety.org/10.1109/IMSCCS.2006.180}}

@inproceedings{DBLP:conf/asiacrypt/GalindoHK06,
	Author = {David Galindo and                Javier Herranz and                Eike Kiltz},
	Bibsource = {DBLP, http://dblp.uni-trier.de},
	Booktitle = {ASIACRYPT},
	Crossref = {DBLP:conf/asiacrypt/2006},
	Date-Added = {2009-02-05 15:26:33 +0100},
	Date-Modified = {2009-02-05 15:26:33 +0100},
	Pages = {178-193},
	Title = {On the Generic Construction of Identity-Based Signatures                with Additional Properties},
	Year = {2006},
	Bdsk-Url-1 = {http://dx.doi.org/10.1007/11935230_12}}

@proceedings{DBLP:conf/tamc/2006,
	Bibsource = {DBLP, http://dblp.uni-trier.de},
	Booktitle = {TAMC},
	Date-Added = {2009-02-05 15:26:33 +0100},
	Date-Modified = {2009-02-05 15:26:33 +0100},
	Editor = {Jin-yi Cai and                S. Barry Cooper and                Angsheng Li},
	Isbn = {3-540-34021-1},
	Publisher = {Springer},
	Series = {Lecture Notes in Computer Science},
	Title = {Theory and Applications of Models of Computation, Third                International Conference, TAMC 2006, Beijing, China, May                15-20, 2006, Proceedings},
	Volume = {3959},
	Year = {2006}}

@proceedings{DBLP:conf/mcam/2007,
	Bibsource = {DBLP, http://dblp.uni-trier.de},
	Booktitle = {MCAM},
	Date-Added = {2009-02-05 15:26:33 +0100},
	Date-Modified = {2009-02-05 15:26:33 +0100},
	Editor = {Nicu Sebe and                Yuncai Liu and                Yueting Zhuang and                Thomas S. Huang},
	Publisher = {Springer},
	Series = {Lecture Notes in Computer Science},
	Title = {Multimedia Content Analysis and Mining, International Workshop,                MCAM 2007, Weihai, China, June 30 - July 1, 2007, Proceedings},
	Volume = {4577},
	Year = {2007}}

@inproceedings{DBLP:conf/wistp/YapHG07,
	Author = {Wun-She Yap and                Swee-Huay Heng and                Bok-Min Goi},
	Bibsource = {DBLP, http://dblp.uni-trier.de},
	Booktitle = {WISTP},
	Crossref = {DBLP:conf/wistp/2007},
	Date-Added = {2009-02-05 15:26:33 +0100},
	Date-Modified = {2009-02-05 15:26:33 +0100},
	Pages = {115-126},
	Title = {Cryptanalysis of Some Proxy Signature Schemes Without Certificates},
	Year = {2007},
	Bdsk-Url-1 = {http://dx.doi.org/10.1007/978-3-540-72354-7_10}}

@proceedings{DBLP:conf/icisc/2006,
	Bibsource = {DBLP, http://dblp.uni-trier.de},
	Booktitle = {ICISC},
	Date-Added = {2009-02-05 15:26:33 +0100},
	Date-Modified = {2009-02-05 15:26:33 +0100},
	Editor = {Min Surp Rhee and                Byoungcheon Lee},
	Isbn = {3-540-49112-0},
	Publisher = {Springer},
	Series = {Lecture Notes in Computer Science},
	Title = {Information Security and Cryptology - ICISC 2006, 9th International                Conference, Busan, Korea, November 30 - December 1, 2006,                Proceedings},
	Volume = {4296},
	Year = {2006}}

@inproceedings{DBLP:conf/snpd/LiuTLZ07,
	Author = {Wenyuan Liu and                Feng Tong and                Yongan Luo and                Feng Zhang},
	Bibsource = {DBLP, http://dblp.uni-trier.de},
	Booktitle = {SNPD (1)},
	Crossref = {DBLP:conf/snpd/2007},
	Date-Added = {2009-02-05 15:26:33 +0100},
	Date-Modified = {2009-02-05 15:26:33 +0100},
	Pages = {99-104},
	Title = {A proxy blind signature scheme based on elliptic curve with                proxy revocation},
	Year = {2007},
	Bdsk-Url-1 = {http://doi.ieeecomputersociety.org/10.1109/SNPD.2007.83}}

@inproceedings{DBLP:conf/imsccs/ZhangCL06,
	Author = {Miaomiao Zhang and                Gongliang Chen and                Jianhua Li},
	Bibsource = {DBLP, http://dblp.uni-trier.de},
	Booktitle = {IMSCCS (2)},
	Crossref = {DBLP:conf/imsccs/2006-2},
	Date-Added = {2009-02-05 15:26:33 +0100},
	Date-Modified = {2009-02-05 15:26:33 +0100},
	Pages = {135-141},
	Title = {Efficient ID-based Proxy Chameleon Signature from Bilinear                Pairings},
	Year = {2006},
	Bdsk-Url-1 = {http://doi.ieeecomputersociety.org/10.1109/IMSCCS.2006.218}}

@inproceedings{DBLP:conf/csse/XiaoZ08,
	Author = {Youan Xiao and                Zude Zhou},
	Bibsource = {DBLP, http://dblp.uni-trier.de},
	Booktitle = {CSSE (3)},
	Crossref = {DBLP:conf/csse/2008-3},
	Date-Added = {2009-02-05 15:26:33 +0100},
	Date-Modified = {2009-02-05 15:26:33 +0100},
	Pages = {766-769},
	Title = {A New Kind of Self-Certified Proxy Digital Signature Scheme},
	Year = {2008},
	Bdsk-Url-1 = {http://dx.doi.org/10.1109/CSSE.2008.846}}

@article{DBLP:journals/corr/abs-0806-1377,
	Author = {Sunder Lal and                Vandani Verma},
	Bibsource = {DBLP, http://dblp.uni-trier.de},
	Date-Added = {2009-02-05 15:26:33 +0100},
	Date-Modified = {2009-02-05 15:26:33 +0100},
	Journal = {CoRR},
	Title = {An Identity Based Strong Bi-Designated Verifier (t, n) Threshold                Proxy Signature Scheme},
	Volume = {abs/0806.1377},
	Year = {2008},
	Bdsk-Url-1 = {http://arxiv.org/abs/0806.1377}}

@proceedings{DBLP:conf/csse/2008-3,
	Bibsource = {DBLP, http://dblp.uni-trier.de},
	Booktitle = {CSSE (3)},
	Date-Added = {2009-02-05 15:26:33 +0100},
	Date-Modified = {2009-02-05 15:26:33 +0100},
	Isbn = {978-0-7695-3336-0},
	Publisher = {IEEE Computer Society},
	Title = {International Conference on Computer Science and Software                Engineering, CSSE 2008, Volume 3: Grid Computing / Distributed                and Parallel Computing / Information Security, December                12-14, 2008, Wuhan, China},
	Year = {2008}}

@inproceedings{DBLP:conf/ism/KimC06,
	Author = {Young-Seol Kim and                Jik-Hyun Chang},
	Bibsource = {DBLP, http://dblp.uni-trier.de},
	Booktitle = {ISM},
	Crossref = {DBLP:conf/ism/2006},
	Date-Added = {2009-02-05 15:26:33 +0100},
	Date-Modified = {2009-02-05 15:26:33 +0100},
	Pages = {998-1003},
	Title = {Provably Secure Proxy Blind Signature Scheme},
	Year = {2006},
	Bdsk-Url-1 = {http://doi.ieeecomputersociety.org/10.1109/ISM.2006.129}}

@inproceedings{DBLP:conf/provsec/LiKZC07,
	Author = {Jin Li and                Kwangjo Kim and                Fangguo Zhang and                Xiaofeng Chen},
	Bibsource = {DBLP, http://dblp.uni-trier.de},
	Booktitle = {ProvSec},
	Crossref = {DBLP:conf/provsec/2007},
	Date-Added = {2009-02-05 15:26:33 +0100},
	Date-Modified = {2009-02-05 15:26:33 +0100},
	Pages = {208-217},
	Title = {Aggregate Proxy Signature and Verifiably Encrypted Proxy                Signature},
	Year = {2007},
	Bdsk-Url-1 = {http://dx.doi.org/10.1007/978-3-540-75670-5_15}}

@inproceedings{DBLP:conf/IEEEares/Xiao08,
	Author = {Youan Xiao},
	Bibsource = {DBLP, http://dblp.uni-trier.de},
	Booktitle = {ARES},
	Crossref = {DBLP:conf/IEEEares/2008},
	Date-Added = {2009-02-05 15:26:33 +0100},
	Date-Modified = {2009-02-05 15:26:33 +0100},
	Pages = {723-726},
	Title = {New Self Certified Proxy Digital Signature Scheme based                on Elliptic Curve Cryptosystem},
	Year = {2008},
	Bdsk-Url-1 = {http://doi.ieeecomputersociety.org/10.1109/ARES.2008.207}}

@inproceedings{DBLP:conf/mcam/HuLL07,
	Author = {Chengyu Hu and                Pengtao Liu and                Daxing Li},
	Bibsource = {DBLP, http://dblp.uni-trier.de},
	Booktitle = {MCAM},
	Crossref = {DBLP:conf/mcam/2007},
	Date-Added = {2009-02-05 15:26:33 +0100},
	Date-Modified = {2009-02-05 15:26:33 +0100},
	Pages = {262-266},
	Title = {A New Type of Proxy Ring Signature Scheme with Revocable                Anonymity and No Info Leaked},
	Year = {2007},
	Bdsk-Url-1 = {http://dx.doi.org/10.1007/978-3-540-73417-8_33}}

@inproceedings{DBLP:conf/atc/WuMSSH07,
	Author = {Wei Wu and                Yi Mu and                Willy Susilo and                Jennifer Seberry and                Xinyi Huang},
	Bibsource = {DBLP, http://dblp.uni-trier.de},
	Booktitle = {ATC},
	Crossref = {DBLP:conf/atc/2007},
	Date-Added = {2009-02-05 15:26:33 +0100},
	Date-Modified = {2009-02-05 15:26:33 +0100},
	Pages = {22-31},
	Title = {Identity-Based Proxy Signature from Pairings},
	Year = {2007},
	Bdsk-Url-1 = {http://dx.doi.org/10.1007/978-3-540-73547-2_5}}

@proceedings{DBLP:conf/icics/2006,
	Bibsource = {DBLP, http://dblp.uni-trier.de},
	Booktitle = {ICICS},
	Date-Added = {2009-02-05 15:26:33 +0100},
	Date-Modified = {2009-02-05 15:26:33 +0100},
	Editor = {Peng Ning and                Sihan Qing and                Ninghui Li},
	Isbn = {3-540-49496-0},
	Publisher = {Springer},
	Series = {Lecture Notes in Computer Science},
	Title = {Information and Communications Security, 8th International                Conference, ICICS 2006, Raleigh, NC, USA, December 4-7,                2006, Proceedings},
	Volume = {4307},
	Year = {2006}}

@article{DBLP:journals/isci/HuangC06,
	Author = {Hui-Feng Huang and                Chin-Chen Chang},
	Bibsource = {DBLP, http://dblp.uni-trier.de},
	Date-Added = {2009-02-05 15:26:33 +0100},
	Date-Modified = {2009-02-05 15:26:33 +0100},
	Journal = {Inf. Sci.},
	Number = {10},
	Pages = {1338-1349},
	Title = {A novel efficient ({\it }, {\it }) threshold proxy signature                scheme},
	Volume = {176},
	Year = {2006},
	Bdsk-Url-1 = {http://dx.doi.org/10.1016/j.ins.2005.02.010}}

@inproceedings{DBLP:conf/snpd/HuL07,
	Author = {Chengyu Hu and                Daxing Li},
	Bibsource = {DBLP, http://dblp.uni-trier.de},
	Booktitle = {SNPD (1)},
	Crossref = {DBLP:conf/snpd/2007},
	Date-Added = {2009-02-05 15:26:33 +0100},
	Date-Modified = {2009-02-05 15:26:33 +0100},
	Pages = {866-868},
	Title = {A New Type of Proxy Ring Signature Scheme with Revocable                Anonymity},
	Year = {2007},
	Bdsk-Url-1 = {http://doi.ieeecomputersociety.org/10.1109/SNPD.2007.63}}

@proceedings{DBLP:conf/iat/2007w,
	Bibsource = {DBLP, http://dblp.uni-trier.de},
	Booktitle = {Web Intelligence/IAT Workshops},
	Date-Added = {2009-02-05 15:26:33 +0100},
	Date-Modified = {2009-02-05 15:26:33 +0100},
	Publisher = {IEEE},
	Title = {Proceedings of the 2007 IEEE/WIC/ACM International Conference                on Web Intelligence and International Conference on Intelligent                Agent Technology - Workshops, 2-5 November 2007, Silicon                Valley, CA, USA},
	Year = {2007}}

@proceedings{DBLP:conf/atc/2007,
	Bibsource = {DBLP, http://dblp.uni-trier.de},
	Booktitle = {ATC},
	Date-Added = {2009-02-05 15:26:33 +0100},
	Date-Modified = {2009-02-05 15:26:33 +0100},
	Editor = {Bin Xiao and                Laurence Tianruo Yang and                Jianhua Ma and                Christian M{\"u}ller-Schloer and                Yu Hua},
	Isbn = {978-3-540-73546-5},
	Publisher = {Springer},
	Series = {Lecture Notes in Computer Science},
	Title = {Autonomic and Trusted Computing, 4th International Conference,                ATC 2007, Hong Kong, China, July 11-13, 2007, Proceedings},
	Volume = {4610},
	Year = {2007}}

@inproceedings{DBLP:conf/pkc/SchuldtMP08,
	Author = {Jacob C. N. Schuldt and                Kanta Matsuura and                Kenneth G. Paterson},
	Bibsource = {DBLP, http://dblp.uni-trier.de},
	Booktitle = {Public Key Cryptography},
	Crossref = {DBLP:conf/pkc/2008},
	Date-Added = {2009-02-05 15:26:33 +0100},
	Date-Modified = {2009-02-05 15:26:33 +0100},
	Pages = {141-161},
	Title = {Proxy Signatures Secure Against Proxy Key Exposure},
	Year = {2008},
	Bdsk-Url-1 = {http://dx.doi.org/10.1007/978-3-540-78440-1_9}}

@inproceedings{DBLP:conf/wisa/WuMSH07,
	Author = {Wei Wu and                Yi Mu and                Willy Susilo and                Xinyi Huang},
	Bibsource = {DBLP, http://dblp.uni-trier.de},
	Booktitle = {WISA},
	Crossref = {DBLP:conf/wisa/2007},
	Date-Added = {2009-02-05 15:26:33 +0100},
	Date-Modified = {2009-02-05 15:26:33 +0100},
	Pages = {16-29},
	Title = {Convertible Undeniable Proxy Signatures: Security Models                and Efficient Construction},
	Year = {2007},
	Bdsk-Url-1 = {http://dx.doi.org/10.1007/978-3-540-77535-5_2}}

@proceedings{DBLP:conf/csreaSAM/2006,
	Bibsource = {DBLP, http://dblp.uni-trier.de},
	Booktitle = {Security and Management},
	Date-Added = {2009-02-05 15:26:33 +0100},
	Date-Modified = {2009-02-05 15:26:33 +0100},
	Editor = {Hamid R. Arabnia and                Selim Aissi},
	Isbn = {1-60132-001-9},
	Publisher = {CSREA Press},
	Title = {Proceedings of the 2006 International Conference on Security                {\&} Management, SAM 2006, Las Vegas, Nevada, USA, June                26-29, 2006},
	Year = {2006}}

@inproceedings{DBLP:conf/aina/TingC08,
	Author = {Pei-yih Ting and                Fang-dar Chu},
	Bibsource = {DBLP, http://dblp.uni-trier.de},
	Booktitle = {AINA},
	Crossref = {DBLP:conf/aina/2008},
	Date-Added = {2009-02-05 15:26:33 +0100},
	Date-Modified = {2009-02-05 15:26:33 +0100},
	Pages = {342-347},
	Title = {Enhancing the Security Promise of a Digital Time-Stamp},
	Year = {2008},
	Bdsk-Url-1 = {http://doi.ieeecomputersociety.org/10.1109/AINA.2008.111}}

@inproceedings{DBLP:conf/imsccs/LuCDS06,
	Author = {Rongxing Lu and                Zhenfu Cao and                Xiaolei Dong and                Renwang Su},
	Bibsource = {DBLP, http://dblp.uni-trier.de},
	Booktitle = {IMSCCS (2)},
	Crossref = {DBLP:conf/imsccs/2006-2},
	Date-Added = {2009-02-05 15:26:33 +0100},
	Date-Modified = {2009-02-05 15:26:33 +0100},
	Pages = {40-47},
	Title = {Designated Verifier Proxy Signature Scheme from Bilinear                Pairings},
	Year = {2006},
	Bdsk-Url-1 = {http://doi.ieeecomputersociety.org/10.1109/IMSCCS.2006.211}}

@proceedings{DBLP:conf/scn/2008,
	Bibsource = {DBLP, http://dblp.uni-trier.de},
	Booktitle = {SCN},
	Date-Added = {2009-02-05 15:26:33 +0100},
	Date-Modified = {2009-02-05 15:26:33 +0100},
	Editor = {Rafail Ostrovsky and                Roberto De Prisco and                Ivan Visconti},
	Isbn = {978-3-540-85854-6},
	Publisher = {Springer},
	Series = {Lecture Notes in Computer Science},
	Title = {Security and Cryptography for Networks, 6th International                Conference, SCN 2008, Amalfi, Italy, September 10-12, 2008.                Proceedings},
	Volume = {5229},
	Year = {2008}}

@inproceedings{DBLP:conf/icycs/FanZL08,
	Author = {Chengyu Fan and                Shijie Zhou and                Fagen Li},
	Bibsource = {DBLP, http://dblp.uni-trier.de},
	Booktitle = {ICYCS},
	Crossref = {DBLP:conf/icycs/2008},
	Date-Added = {2009-02-05 15:26:33 +0100},
	Date-Modified = {2009-02-05 15:26:33 +0100},
	Pages = {2131-2136},
	Title = {Deniable Proxy-Anonymous Signatures},
	Year = {2008},
	Bdsk-Url-1 = {http://dx.doi.org/10.1109/ICYCS.2008.297}}

@inproceedings{DBLP:conf/scn/FuchsbauerP08,
	Author = {Georg Fuchsbauer and                David Pointcheval},
	Bibsource = {DBLP, http://dblp.uni-trier.de},
	Booktitle = {SCN},
	Crossref = {DBLP:conf/scn/2008},
	Date-Added = {2009-02-05 15:26:33 +0100},
	Date-Modified = {2009-02-05 15:26:33 +0100},
	Pages = {201-217},
	Title = {Anonymous Proxy Signatures},
	Year = {2008},
	Bdsk-Url-1 = {http://dx.doi.org/10.1007/978-3-540-85855-3_14}}

@proceedings{DBLP:conf/IEEEares/2008,
	Bibsource = {DBLP, http://dblp.uni-trier.de},
	Booktitle = {ARES},
	Date-Added = {2009-02-05 15:26:33 +0100},
	Date-Modified = {2009-02-05 15:26:33 +0100},
	Publisher = {IEEE Computer Society},
	Title = {Proceedings of the The Third International Conference on                Availability, Reliability and Security, ARES 2008, March                4-7, 2008, Technical University of Catalonia, Barcelona                , Spain},
	Year = {2008}}

@inproceedings{DBLP:conf/iccsa/HwangTL07,
	Author = {Min-Shiang Hwang and                Shiang-Feng Tzeng and                Chun-Ta Li},
	Bibsource = {DBLP, http://dblp.uni-trier.de},
	Booktitle = {ICCSA (3)},
	Crossref = {DBLP:conf/iccsa/2007-3},
	Date-Added = {2009-02-05 15:26:33 +0100},
	Date-Modified = {2009-02-05 15:26:33 +0100},
	Pages = {273-284},
	Title = {A New Nonrepudiable Threshold Proxy Signature Scheme with                Valid Delegation Period},
	Year = {2007},
	Bdsk-Url-1 = {http://dx.doi.org/10.1007/978-3-540-74484-9_24}}

@inproceedings{DBLP:conf/iscis/Yumin06,
	Author = {Yuan Yumin},
	Bibsource = {DBLP, http://dblp.uni-trier.de},
	Booktitle = {ISCIS},
	Crossref = {DBLP:conf/iscis/2006},
	Date-Added = {2009-02-05 15:26:33 +0100},
	Date-Modified = {2009-02-05 15:26:33 +0100},
	Pages = {1002-1010},
	Title = {A Threshold Proxy Signature Scheme with Nonrepudiation and                Anonymity},
	Year = {2006},
	Bdsk-Url-1 = {http://dx.doi.org/10.1007/11902140_104}}

@proceedings{DBLP:conf/otm/2006-w1,
	Bibsource = {DBLP, http://dblp.uni-trier.de},
	Booktitle = {OTM Workshops (1)},
	Date-Added = {2009-02-05 15:26:33 +0100},
	Date-Modified = {2009-02-05 15:26:33 +0100},
	Editor = {Robert Meersman and                Zahir Tari and                Pilar Herrero},
	Isbn = {3-540-48269-5},
	Publisher = {Springer},
	Series = {Lecture Notes in Computer Science},
	Title = {On the Move to Meaningful Internet Systems 2006: OTM 2006                Workshops, OTM Confederated International Workshops and                Posters, AWeSOMe, CAMS, COMINF, IS, KSinBIT, MIOS-CIAO,                MONET, OnToContent, ORM, PerSys, OTM Academy Doctoral Consortium,                RDDS, SWWS, and SeBGIS 2006, Montpellier, France, October                29 - November 3, 2006. Proceedings, Part I},
	Volume = {4277},
	Year = {2006}}

@inproceedings{DBLP:conf/europki/AlomairSP08,
	Author = {Basel Alomair and                Krishna Sampigethaya and                Radha Poovendran},
	Bibsource = {DBLP, http://dblp.uni-trier.de},
	Booktitle = {EuroPKI},
	Crossref = {DBLP:conf/europki/2008},
	Date-Added = {2009-02-05 15:26:33 +0100},
	Date-Modified = {2009-02-05 15:26:33 +0100},
	Pages = {166-181},
	Title = {Efficient Generic Forward-Secure Signatures and Proxy Signatures},
	Year = {2008},
	Bdsk-Url-1 = {http://dx.doi.org/10.1007/978-3-540-69485-4_12}}

@proceedings{DBLP:conf/iscis/2006,
	Bibsource = {DBLP, http://dblp.uni-trier.de},
	Booktitle = {ISCIS},
	Date-Added = {2009-02-05 15:26:33 +0100},
	Date-Modified = {2009-02-05 15:26:33 +0100},
	Editor = {Albert Levi and                Erkay Savas and                H{\"u}sn{\"u} Yenig{\"u}n and                Selim Balcisoy and                Y{\"u}cel Saygin},
	Isbn = {3-540-47242-8},
	Publisher = {Springer},
	Series = {Lecture Notes in Computer Science},
	Title = {Computer and Information Sciences - ISCIS 2006, 21th International                Symposium, Istanbul, Turkey, November 1-3, 2006, Proceedings},
	Volume = {4263},
	Year = {2006}}

@proceedings{DBLP:conf/imsccs/2006-2,
	Bibsource = {DBLP, http://dblp.uni-trier.de},
	Booktitle = {IMSCCS (2)},
	Date-Added = {2009-02-05 15:26:33 +0100},
	Date-Modified = {2009-02-05 15:26:33 +0100},
	Editor = {Jun Ni and                Jack Dongarra},
	Isbn = {0-7695-2581-4},
	Publisher = {IEEE Computer Society},
	Title = {Interdisciplinary and Multidisciplinary Research in Computer                Science, IEEE CS Proceeding of the First International Multi-Symposium                of Computer and Computational Sciences (IMSCCS|06), June                20-24, 2006, Zhejiang University, Hangzhou, China, Vol.                2},
	Year = {2006}}

@proceedings{DBLP:conf/eurocrypt/2006,
	Bibsource = {DBLP, http://dblp.uni-trier.de},
	Booktitle = {EUROCRYPT},
	Date-Added = {2009-02-05 15:26:33 +0100},
	Date-Modified = {2009-02-05 15:26:33 +0100},
	Editor = {Serge Vaudenay},
	Isbn = {3-540-34546-9},
	Publisher = {Springer},
	Series = {Lecture Notes in Computer Science},
	Title = {Advances in Cryptology - EUROCRYPT 2006, 25th Annual International                Conference on the Theory and Applications of Cryptographic                Techniques, St. Petersburg, Russia, May 28 - June 1, 2006,                Proceedings},
	Volume = {4004},
	Year = {2006}}

@proceedings{DBLP:conf/itng/2007,
	Bibsource = {DBLP, http://dblp.uni-trier.de},
	Booktitle = {ITNG},
	Date-Added = {2009-02-05 15:26:33 +0100},
	Date-Modified = {2009-02-05 15:26:33 +0100},
	Isbn = {978-0-7695-2776-5},
	Publisher = {IEEE Computer Society},
	Title = {Fourth International Conference on Information Technology:                New Generations (ITNG 2007), 2-4 April 2007, Las Vegas,                Nevada, USA},
	Year = {2007}}

@proceedings{DBLP:conf/imecs/2006,
	Bibsource = {DBLP, http://dblp.uni-trier.de},
	Booktitle = {IMECS},
	Date-Added = {2009-02-05 15:26:33 +0100},
	Date-Modified = {2009-02-05 15:26:33 +0100},
	Editor = {Sio Iong Ao and                Jeong-A. Lee and                Oscar Castillo and                Pranay Chaudhuri and                David Dagan Feng},
	Isbn = {988-98671-3-3},
	Publisher = {Newswood Limited},
	Series = {Lecture Notes in Engineering and Computer Science},
	Title = {Proceedings of the International MultiConference of Engineers                and Computer Scientists 2006, IMECS '06, June 20-22, 2006,                Hong Kong, China},
	Year = {2006}}

@proceedings{DBLP:conf/wisa/2007,
	Bibsource = {DBLP, http://dblp.uni-trier.de},
	Booktitle = {WISA},
	Date-Added = {2009-02-05 15:26:33 +0100},
	Date-Modified = {2009-02-05 15:26:33 +0100},
	Editor = {Sehun Kim and                Moti Yung and                Hyung-Woo Lee},
	Isbn = {978-3-540-77534-8},
	Publisher = {Springer},
	Series = {Lecture Notes in Computer Science},
	Title = {Information Security Applications, 8th International Workshop,                WISA 2007, Jeju Island, Korea, August 27-29, 2007, Revised                Selected Papers},
	Volume = {4867},
	Year = {2008}}

@proceedings{DBLP:conf/cans/2006,
	Bibsource = {DBLP, http://dblp.uni-trier.de},
	Booktitle = {CANS},
	Date-Added = {2009-02-05 15:26:33 +0100},
	Date-Modified = {2009-02-05 15:26:33 +0100},
	Editor = {David Pointcheval and                Yi Mu and                Kefei Chen},
	Isbn = {3-540-49462-6},
	Publisher = {Springer},
	Series = {Lecture Notes in Computer Science},
	Title = {Cryptology and Network Security, 5th International Conference,                CANS 2006, Suzhou, China, December 8-10, 2006, Proceedings},
	Volume = {4301},
	Year = {2006}}

@proceedings{DBLP:conf/ism/2006,
	Bibsource = {DBLP, http://dblp.uni-trier.de},
	Booktitle = {ISM},
	Date-Added = {2009-02-05 15:26:33 +0100},
	Date-Modified = {2009-02-05 15:26:33 +0100},
	Publisher = {IEEE Computer Society},
	Title = {Eigth IEEE International Symposium on Multimedia (ISM 2006),                11-13 December 2006, San Diego, CA, USA},
	Year = {2006}}

@proceedings{DBLP:conf/asiacrypt/2006,
	Bibsource = {DBLP, http://dblp.uni-trier.de},
	Booktitle = {ASIACRYPT},
	Date-Added = {2009-02-05 15:26:33 +0100},
	Date-Modified = {2009-02-05 15:26:33 +0100},
	Editor = {Xuejia Lai and                Kefei Chen},
	Isbn = {3-540-49475-8},
	Publisher = {Springer},
	Series = {Lecture Notes in Computer Science},
	Title = {Advances in Cryptology - ASIACRYPT 2006, 12th International                Conference on the Theory and Application of Cryptology and                Information Security, Shanghai, China, December 3-7, 2006,                Proceedings},
	Volume = {4284},
	Year = {2006}}

@inproceedings{DBLP:conf/snpd/KongYQLL07,
	Author = {Fanyu Kong and                Jia Yu and                Baodong Qin and                Ming Li and                Daxing Li},
	Bibsource = {DBLP, http://dblp.uni-trier.de},
	Booktitle = {SNPD (3)},
	Crossref = {DBLP:conf/snpd/2007},
	Date-Added = {2009-02-05 15:26:33 +0100},
	Date-Modified = {2009-02-05 15:26:33 +0100},
	Pages = {923-926},
	Title = {Security Analysis and Improvement of a (\$t, n\$) Threshold                Proxy Signature Scheme},
	Year = {2007},
	Bdsk-Url-1 = {http://doi.ieeecomputersociety.org/10.1109/SNPD.2007.485}}

@proceedings{DBLP:conf/pdcat/2006,
	Bibsource = {DBLP, http://dblp.uni-trier.de},
	Booktitle = {PDCAT},
	Date-Added = {2009-02-05 15:26:33 +0100},
	Date-Modified = {2009-02-05 15:26:33 +0100},
	Isbn = {0-7695-2736-1},
	Publisher = {IEEE Computer Society},
	Title = {Seventh International Conference on Parallel and Distributed                Computing, Applications and Technologies (PDCAT 2006), 4-7                December 2006, Taipei, Taiwan},
	Year = {2006}}

@inproceedings{DBLP:conf/compsac/TsaiLCL07,
	Author = {Chiung-Chou Tsai and                Kuan-Chieh Liao and                Tzungher Chen and                Wei-Bin Lee},
	Bibsource = {DBLP, http://dblp.uni-trier.de},
	Booktitle = {COMPSAC (2)},
	Crossref = {DBLP:conf/compsac/2007},
	Date-Added = {2009-02-05 15:26:33 +0100},
	Date-Modified = {2009-02-05 15:26:33 +0100},
	Pages = {681-688},
	Title = {Security enhancement of a novel proxy key generation protocol},
	Year = {2007},
	Bdsk-Url-1 = {http://doi.ieeecomputersociety.org/10.1109/COMPSAC.2007.186}}

@inproceedings{DBLP:conf/snpd/LuHW07,
	Author = {Rongbo Lu and                Dake He and                Changji Wang},
	Bibsource = {DBLP, http://dblp.uni-trier.de},
	Booktitle = {SNPD (3)},
	Crossref = {DBLP:conf/snpd/2007},
	Date-Added = {2009-02-05 15:26:33 +0100},
	Date-Modified = {2009-02-05 15:26:33 +0100},
	Pages = {285-290},
	Title = {Cryptanalysis and Improvement of a Certificateless Proxy                Signature Scheme from Bilinear Pairings},
	Year = {2007},
	Bdsk-Url-1 = {http://doi.ieeecomputersociety.org/10.1109/SNPD.2007.220}}

@article{DBLP:journals/jise/ChenCY06,
	Author = {I-Te Chen and                Ming-Hsin Chang and                Yi-Shiung Yeh},
	Bibsource = {DBLP, http://dblp.uni-trier.de},
	Date-Added = {2009-02-05 15:26:33 +0100},
	Date-Modified = {2009-02-05 15:26:33 +0100},
	Journal = {J. Inf. Sci. Eng.},
	Number = {4},
	Pages = {965-973},
	Title = {Design of Proxy Signature in the Digital Signature Algorithm                (DSA)},
	Volume = {22},
	Year = {2006},
	Bdsk-Url-1 = {http://www.iis.sinica.edu.tw/page/jise/2006/200607_15.html}}

@proceedings{DBLP:conf/ifip6-8/2007,
	Bibsource = {DBLP, http://dblp.uni-trier.de},
	Booktitle = {PWC},
	Date-Added = {2009-02-05 15:26:33 +0100},
	Date-Modified = {2009-02-05 15:26:33 +0100},
	Editor = {Robert Bestak and                Boris Sim{\'a}k and                Ewa Kozlowska},
	Isbn = {978-0-387-74158-1},
	Publisher = {Springer},
	Series = {IFIP},
	Title = {Personal Wireless Communications, The 12th IFIP International                Conference on Personal Wireless Communications (PWC 2007),                Prague, Czech Republic, September 2007},
	Volume = {245},
	Year = {2007}}

@inproceedings{DBLP:conf/iih-msp/ZhangYZL06,
	Author = {Ru Zhang and                Xiao-gang Yu and                Linna Zhou and                Hong-peng Li},
	Bibsource = {DBLP, http://dblp.uni-trier.de},
	Booktitle = {IIH-MSP},
	Crossref = {DBLP:conf/iih-msp/2006},
	Date-Added = {2009-02-05 15:26:33 +0100},
	Date-Modified = {2009-02-05 15:26:33 +0100},
	Pages = {83-88},
	Title = {A New Watermarking Protocol of Copyright Protection},
	Year = {2006},
	Bdsk-Url-1 = {http://doi.ieeecomputersociety.org/10.1109/IIH-MSP.2006.23}}

@inproceedings{DBLP:conf/icisc/LeeKPY06,
	Author = {Younho Lee and                Heeyoul Kim and                Yongsu Park and                Hyunsoo Yoon},
	Bibsource = {DBLP, http://dblp.uni-trier.de},
	Booktitle = {ICISC},
	Crossref = {DBLP:conf/icisc/2006},
	Date-Added = {2009-02-05 15:26:33 +0100},
	Date-Modified = {2009-02-05 15:26:33 +0100},
	Pages = {328-342},
	Title = {A New Proxy Signature Scheme Providing Self-delegation},
	Year = {2006},
	Bdsk-Url-1 = {http://dx.doi.org/10.1007/11927587_27}}

@proceedings{DBLP:conf/msn/2006,
	Bibsource = {DBLP, http://dblp.uni-trier.de},
	Booktitle = {MSN},
	Date-Added = {2009-02-05 15:26:33 +0100},
	Date-Modified = {2009-02-05 15:26:33 +0100},
	Editor = {Jiannong Cao and                Ivan Stojmenovic and                Xiaohua Jia and                Sajal K. Das},
	Isbn = {3-540-49932-6},
	Publisher = {Springer},
	Series = {Lecture Notes in Computer Science},
	Title = {Mobile Ad-hoc and Sensor Networks, Second International                Conference, MSN 2006, Hong Kong, China, December 13-15,                2006, Proceedings},
	Volume = {4325},
	Year = {2006}}

@proceedings{DBLP:conf/icycs/2008,
	Bibsource = {DBLP, http://dblp.uni-trier.de},
	Booktitle = {ICYCS},
	Date-Added = {2009-02-05 15:26:33 +0100},
	Date-Modified = {2009-02-05 15:26:33 +0100},
	Publisher = {IEEE Computer Society},
	Title = {Proceedings of the 9th International Conference for Young                Computer Scientists, ICYCS 2008, Zhang Jia Jie, Hunan, China,                November 18-21, 2008},
	Year = {2008}}

@inproceedings{DBLP:conf/iccsa/Lu06b,
	Author = {Jiqiang Lu},
	Bibsource = {DBLP, http://dblp.uni-trier.de},
	Booktitle = {ICCSA (3)},
	Crossref = {DBLP:conf/iccsa/2006-3},
	Date-Added = {2009-02-05 15:26:33 +0100},
	Date-Modified = {2009-02-05 15:26:33 +0100},
	Pages = {466-475},
	Title = {Security Weaknesses in Two Proxy Signature Schemes},
	Year = {2006},
	Bdsk-Url-1 = {http://dx.doi.org/10.1007/11751595_50}}

@inproceedings{DBLP:conf/cisc/GuZ08,
	Author = {Chunxiang Gu and                Yuefei Zhu},
	Bibsource = {DBLP, http://dblp.uni-trier.de},
	Booktitle = {Inscrypt},
	Crossref = {DBLP:conf/cisc/2008},
	Date-Added = {2009-02-05 15:26:33 +0100},
	Date-Modified = {2009-02-05 15:26:33 +0100},
	Pages = {40-50},
	Title = {An Efficient ID-Based Proxy Signature Scheme from Pairings},
	Year = {2007},
	Bdsk-Url-1 = {http://dx.doi.org/10.1007/978-3-540-79499-8_5}}

@proceedings{DBLP:conf/iccsa/2007-3,
	Bibsource = {DBLP, http://dblp.uni-trier.de},
	Booktitle = {ICCSA (3)},
	Date-Added = {2009-02-05 15:26:33 +0100},
	Date-Modified = {2009-02-05 15:26:33 +0100},
	Editor = {Osvaldo Gervasi and                Marina L. Gavrilova},
	Isbn = {978-3-540-74482-5},
	Publisher = {Springer},
	Series = {Lecture Notes in Computer Science},
	Title = {Computational Science and Its Applications - ICCSA 2007,                International Conference, Kuala Lumpur, Malaysia, August                26-29, 2007. Proceedings. Part III},
	Volume = {4707},
	Year = {2007}}

@article{DBLP:journals/cee/LiuWLH07,
	Author = {Yu-Chuan Liu and                Hsiang-An Wen and                Chun-Li Lin and                Tzonelih Hwang},
	Bibsource = {DBLP, http://dblp.uni-trier.de},
	Date-Added = {2009-02-05 15:26:33 +0100},
	Date-Modified = {2009-02-05 15:26:33 +0100},
	Journal = {Computers {\&} Electrical Engineering},
	Number = {3},
	Pages = {177-185},
	Title = {Proxy-protected signature secure against the undelegated                proxy signature attack},
	Volume = {33},
	Year = {2007},
	Bdsk-Url-1 = {http://dx.doi.org/10.1016/j.compeleceng.2006.11.004}}

@inproceedings{DBLP:conf/colcom/AboudaggaEQ07,
	Author = {Nidal Aboudagga and                Mohamed Eltoweissy and                Jean-Jacques Quisquater},
	Bibsource = {DBLP, http://dblp.uni-trier.de},
	Booktitle = {CollaborateCom},
	Crossref = {DBLP:conf/colcom/2007},
	Date-Added = {2009-02-05 15:26:33 +0100},
	Date-Modified = {2009-02-05 15:26:33 +0100},
	Pages = {16-23},
	Title = {Two-level signature delegation for mobile first responder                authentication},
	Year = {2007},
	Bdsk-Url-1 = {http://dx.doi.org/10.1109/COLCOM.2007.4553803}}

@proceedings{DBLP:conf/cisc/2008,
	Bibsource = {DBLP, http://dblp.uni-trier.de},
	Booktitle = {Inscrypt},
	Date-Added = {2009-02-05 15:26:33 +0100},
	Date-Modified = {2009-02-05 15:26:33 +0100},
	Editor = {Dingyi Pei and                Moti Yung and                Dongdai Lin and                Chuankun Wu},
	Isbn = {978-3-540-79498-1},
	Publisher = {Springer},
	Series = {Lecture Notes in Computer Science},
	Title = {Information Security and Cryptology, Third SKLOIS Conference,                Inscrypt 2007, Xining, China, August 31 - September 5, 2007,                Revised Selected Papers},
	Volume = {4990},
	Year = {2008}}

@inproceedings{DBLP:conf/tamc/BaoCW06,
	Author = {Haiyong Bao and                Zhenfu Cao and                Shengbao Wang},
	Bibsource = {DBLP, http://dblp.uni-trier.de},
	Booktitle = {TAMC},
	Crossref = {DBLP:conf/tamc/2006},
	Date-Added = {2009-02-05 15:26:33 +0100},
	Date-Modified = {2009-02-05 15:26:33 +0100},
	Pages = {538-546},
	Title = {Identity-Based Threshold Proxy Signature Scheme with Known                Signers},
	Year = {2006},
	Bdsk-Url-1 = {http://dx.doi.org/10.1007/11750321_51}}

@inproceedings{DBLP:conf/msn/HuangSMW06,
	Author = {Xinyi Huang and                Willy Susilo and                Yi Mu and                Wei Wu},
	Bibsource = {DBLP, http://dblp.uni-trier.de},
	Booktitle = {MSN},
	Crossref = {DBLP:conf/msn/2006},
	Date-Added = {2009-02-05 15:26:33 +0100},
	Date-Modified = {2009-02-05 15:26:33 +0100},
	Pages = {473-484},
	Title = {Proxy Signature Without Random Oracles},
	Year = {2006},
	Bdsk-Url-1 = {http://dx.doi.org/10.1007/11943952_40}}

@proceedings{DBLP:conf/provsec/2007,
	Bibsource = {DBLP, http://dblp.uni-trier.de},
	Booktitle = {ProvSec},
	Date-Added = {2009-02-05 15:26:33 +0100},
	Date-Modified = {2009-02-05 15:26:33 +0100},
	Editor = {Willy Susilo and                Joseph K. Liu and                Yi Mu},
	Isbn = {978-3-540-75669-9},
	Publisher = {Springer},
	Series = {Lecture Notes in Computer Science},
	Title = {Provable Security, First International Conference, ProvSec                2007, Wollongong, Australia, November 1-2, 2007, Proceedings},
	Volume = {4784},
	Year = {2007}}

@proceedings{DBLP:conf/provsec/2008,
	Bibsource = {DBLP, http://dblp.uni-trier.de},
	Booktitle = {ProvSec},
	Date-Added = {2009-02-05 15:26:33 +0100},
	Date-Modified = {2009-02-05 15:26:33 +0100},
	Editor = {Joonsang Baek and                Feng Bao and                Kefei Chen and                Xuejia Lai},
	Isbn = {978-3-540-88732-4},
	Publisher = {Springer},
	Series = {Lecture Notes in Computer Science},
	Title = {Provable Security, Second International Conference, ProvSec                2008, Shanghai, China, October 30 - November 1, 2008. Proceedings},
	Volume = {5324},
	Year = {2008}}

@inproceedings{DBLP:conf/ifip6-8/YamasakiNBY07,
	Author = {Tomomi Yamasaki and                Toru Nakamura and                Kensuke Baba and                Hiroto Yasuura},
	Bibsource = {DBLP, http://dblp.uni-trier.de},
	Booktitle = {PWC},
	Crossref = {DBLP:conf/ifip6-8/2007},
	Date-Added = {2009-02-05 15:26:33 +0100},
	Date-Modified = {2009-02-05 15:26:33 +0100},
	Pages = {230-240},
	Title = {A Door Access Control System with Mobile Phones},
	Year = {2007},
	Bdsk-Url-1 = {http://dx.doi.org/10.1007/978-0-387-74159-8_22}}

@inproceedings{DBLP:conf/sutc/ChandrasekharCS08,
	Author = {Santosh Chandrasekhar and                Saikat Chakrabarti 0002 and                Mukesh Singhal},
	Bibsource = {DBLP, http://dblp.uni-trier.de},
	Booktitle = {SUTC},
	Crossref = {DBLP:conf/sutc/2008},
	Date-Added = {2009-02-05 15:26:33 +0100},
	Date-Modified = {2009-02-05 15:26:33 +0100},
	Pages = {106-113},
	Title = {Efficient Proxy Signatures For Ubiquitous Computing},
	Year = {2008},
	Bdsk-Url-1 = {http://doi.ieeecomputersociety.org/10.1109/SUTC.2008.64}}

@article{DBLP:journals/jss/ShaoCL07,
	Author = {Jun Shao and                Zhenfu Cao and                Rongxing Lu},
	Bibsource = {DBLP, http://dblp.uni-trier.de},
	Date-Added = {2009-02-05 15:26:33 +0100},
	Date-Modified = {2009-02-05 15:26:33 +0100},
	Journal = {Journal of Systems and Software},
	Number = {2},
	Pages = {172-177},
	Title = {Improvement of Yang et al.'s threshold proxy signature scheme},
	Volume = {80},
	Year = {2007},
	Bdsk-Url-1 = {http://dx.doi.org/10.1016/j.jss.2006.02.047}}

@inproceedings{DBLP:conf/rseisp/Rafalska07,
	Author = {Beata Rafalska},
	Bibsource = {DBLP, http://dblp.uni-trier.de},
	Booktitle = {RSEISP},
	Crossref = {DBLP:conf/rseisp/2007},
	Date-Added = {2009-02-05 15:26:33 +0100},
	Date-Modified = {2009-02-05 15:26:33 +0100},
	Pages = {622-629},
	Title = {The Diffie-Hellman Problem in Lie Algebras},
	Year = {2007},
	Bdsk-Url-1 = {http://dx.doi.org/10.1007/978-3-540-73451-2_65}}

@inproceedings{DBLP:conf/csse/QinW08,
	Author = {Yanlin Qin and                Xiaoping Wu},
	Bibsource = {DBLP, http://dblp.uni-trier.de},
	Booktitle = {CSSE (3)},
	Crossref = {DBLP:conf/csse/2008-3},
	Date-Added = {2009-02-05 15:26:33 +0100},
	Date-Modified = {2009-02-05 15:26:33 +0100},
	Pages = {762-765},
	Title = {Cryptanalysis and Improvement of Two Blind Proxy Signature                Schemes},
	Year = {2008},
	Bdsk-Url-1 = {http://dx.doi.org/10.1109/CSSE.2008.1101}}

@article{DBLP:journals/chinaf/LuDC08,
	Author = {Rongxing Lu and                Xiaolei Dong and                Zhenfu Cao},
	Bibsource = {DBLP, http://dblp.uni-trier.de},
	Date-Added = {2009-02-05 15:26:33 +0100},
	Date-Modified = {2009-02-05 15:26:33 +0100},
	Journal = {Science in China Series F: Information Sciences},
	Number = {2},
	Pages = {183-195},
	Title = {Designing efficient proxy signature schemes for mobile communication},
	Volume = {51},
	Year = {2008},
	Bdsk-Url-1 = {http://dx.doi.org/10.1007/s11432-008-0017-1}}

@proceedings{DBLP:conf/compsac/2007,
	Bibsource = {DBLP, http://dblp.uni-trier.de},
	Booktitle = {COMPSAC},
	Date-Added = {2009-02-05 15:26:33 +0100},
	Date-Modified = {2009-02-05 15:26:33 +0100},
	Isbn = {978-0-7695-2870-0},
	Publisher = {IEEE Computer Society},
	Title = {31st Annual International Computer Software and Applications                Conference (COMPSAC 2007), 24-27 July 2007, Beijing, China},
	Year = {2007}}

@proceedings{DBLP:conf/iccsa/2006-3,
	Bibsource = {DBLP, http://dblp.uni-trier.de},
	Booktitle = {ICCSA (3)},
	Date-Added = {2009-02-05 15:26:33 +0100},
	Date-Modified = {2009-02-05 15:26:33 +0100},
	Editor = {Marina L. Gavrilova and                Osvaldo Gervasi and                Vipin Kumar and                Chih Jeng Kenneth Tan and                David Taniar and                Antonio Lagan{\`a} and                Youngsong Mun and                Hyunseung Choo},
	Isbn = {3-540-34075-0},
	Publisher = {Springer},
	Series = {Lecture Notes in Computer Science},
	Title = {Computational Science and Its Applications - ICCSA 2006,                International Conference, Glasgow, UK, May 8-11, 2006, Proceedings,                Part III},
	Volume = {3982},
	Year = {2006}}

@inproceedings{DBLP:conf/edoc/SunithaAK07,
	Author = {N. R. Sunitha and                B. B. Amberker and                Prashant Koulgi},
	Bibsource = {DBLP, http://dblp.uni-trier.de},
	Booktitle = {EDOC},
	Crossref = {DBLP:conf/edoc/2007},
	Date-Added = {2009-02-05 15:26:33 +0100},
	Date-Modified = {2009-02-05 15:26:33 +0100},
	Pages = {414-422},
	Title = {Controlled Delegation in e-cheques Using Proxy Signatures},
	Year = {2007},
	Bdsk-Url-1 = {http://doi.ieeecomputersociety.org/10.1109/EDOC.2007.24}}

@proceedings{DBLP:conf/iih-msp/2006,
	Bibsource = {DBLP, http://dblp.uni-trier.de},
	Booktitle = {IIH-MSP},
	Date-Added = {2009-02-05 15:26:33 +0100},
	Date-Modified = {2009-02-05 15:26:33 +0100},
	Isbn = {0-7695-2745-0},
	Publisher = {IEEE Computer Society},
	Title = {Second International Conference on Intelligent Information                Hiding and Multimedia Signal Processing (IIH-MSP 2006),                Pasadena, California, USA, December 18-20, 2006, Proceedings},
	Year = {2006}}

@article{DBLP:journals/corr/abs-0712-3084,
	Author = {Manik Lal Das and                Ashutosh Saxena and                Deepak B. Phatak},
	Bibsource = {DBLP, http://dblp.uni-trier.de},
	Date-Added = {2009-02-05 15:26:33 +0100},
	Date-Modified = {2009-02-05 15:26:33 +0100},
	Journal = {CoRR},
	Title = {Proxy Signature Scheme with Effective Revocation Using Bilinear                Pairings},
	Volume = {abs/0712.3084},
	Year = {2007},
	Bdsk-Url-1 = {http://arxiv.org/abs/0712.3084}}

@proceedings{DBLP:conf/rseisp/2007,
	Bibsource = {DBLP, http://dblp.uni-trier.de},
	Booktitle = {RSEISP},
	Date-Added = {2009-02-05 15:26:33 +0100},
	Date-Modified = {2009-02-05 15:26:33 +0100},
	Editor = {Marzena Kryszkiewicz and                James F. Peters and                Henryk Rybinski and                Andrzej Skowron},
	Isbn = {978-3-540-73450-5},
	Publisher = {Springer},
	Series = {Lecture Notes in Computer Science},
	Title = {Rough Sets and Intelligent Systems Paradigms, International                Conference, RSEISP 2007, Warsaw, Poland, June 28-30, 2007,                Proceedings},
	Volume = {4585},
	Year = {2007}}

@proceedings{DBLP:conf/sutc/2008,
	Bibsource = {DBLP, http://dblp.uni-trier.de},
	Booktitle = {SUTC},
	Date-Added = {2009-02-05 15:26:33 +0100},
	Date-Modified = {2009-02-05 15:26:33 +0100},
	Editor = {Mukesh Singhal and                Giovanna Di Marzo Serugendo and                Jeffrey J. P. Tsai and                Wang-Chien Lee and                Kay R{\"o}mer and                Yu-Chee Tseng and                Han C. W. Hsiao},
	Isbn = {978-0-7695-3158-8},
	Publisher = {IEEE Computer Society},
	Title = {IEEE International Conference on Sensor Networks, Ubiquitous,                and Trustworthy Computing (SUTC 2008), 11-13 June 2008,                Taichung, Taiwan},
	Year = {2008}}

@proceedings{DBLP:conf/edoc/2007,
	Bibsource = {DBLP, http://dblp.uni-trier.de},
	Booktitle = {EDOC},
	Date-Added = {2009-02-05 15:26:33 +0100},
	Date-Modified = {2009-02-05 15:26:33 +0100},
	Publisher = {IEEE Computer Society},
	Title = {11th IEEE International Enterprise Distributed Object Computing                Conference (EDOC 2007), 15-19 October 2007, Annapolis, Maryland,                USA},
	Year = {2007}}

@proceedings{DBLP:conf/iciss/2008,
	Bibsource = {DBLP, http://dblp.uni-trier.de},
	Booktitle = {ICISS},
	Date-Added = {2009-02-05 15:26:33 +0100},
	Date-Modified = {2009-02-05 15:26:33 +0100},
	Editor = {R. Sekar and                Arun K. Pujari},
	Isbn = {978-3-540-89861-0},
	Series = {Lecture Notes in Computer Science},
	Title = {Information Systems Security, 4th International Conference,                ICISS 2008, Hyderabad, India, December 16-20, 2008. Proceedings},
	Volume = {5352},
	Year = {2008}}

@inproceedings{DBLP:conf/csse/ZhouW08a,
	Author = {Xuanwu Zhou and                Ping Wei},
	Bibsource = {DBLP, http://dblp.uni-trier.de},
	Booktitle = {CSSE (3)},
	Crossref = {DBLP:conf/csse/2008-3},
	Date-Added = {2009-02-05 15:26:33 +0100},
	Date-Modified = {2009-02-05 15:26:33 +0100},
	Pages = {872-875},
	Title = {Anonymous Proxy Authorization Signature Scheme with Forward                Security},
	Year = {2008},
	Bdsk-Url-1 = {http://dx.doi.org/10.1109/CSSE.2008.528}}

@proceedings{DBLP:conf/colcom/2007,
	Bibsource = {DBLP, http://dblp.uni-trier.de},
	Booktitle = {CollaborateCom},
	Date-Added = {2009-02-05 15:26:33 +0100},
	Date-Modified = {2009-02-05 15:26:33 +0100},
	Isbn = {1-4244-1317-6},
	Publisher = {IEEE},
	Title = {Proceedings of the 3rd International Conference on Collaborative                Computing: Networking, Applications and Worksharing, White                Plains, New York, USA, November 12-15, 2007},
	Year = {2007}}

@inproceedings{DBLP:conf/eurocrypt/LuOSSW06,
	Author = {Steve Lu and                Rafail Ostrovsky and                Amit Sahai and                Hovav Shacham and                Brent Waters},
	Bibsource = {DBLP, http://dblp.uni-trier.de},
	Booktitle = {EUROCRYPT},
	Crossref = {DBLP:conf/eurocrypt/2006},
	Date-Added = {2009-02-05 15:26:33 +0100},
	Date-Modified = {2009-02-05 15:26:33 +0100},
	Pages = {465-485},
	Title = {Sequential Aggregate Signatures and Multisignatures Without                Random Oracles},
	Year = {2006},
	Bdsk-Url-1 = {http://dx.doi.org/10.1007/11761679_28}}

@inproceedings{DBLP:conf/cit/GiriS07,
	Author = {Debasis Giri and                P. D. Srivastava},
	Bibsource = {DBLP, http://dblp.uni-trier.de},
	Booktitle = {ICIT},
	Crossref = {DBLP:conf/cit/2007},
	Date-Added = {2009-02-05 15:26:33 +0100},
	Date-Modified = {2009-02-05 15:26:33 +0100},
	Pages = {151-154},
	Title = {Cryptanalysis and Improvement of Das et al.'s Proxy Signature                Scheme},
	Year = {2007},
	Bdsk-Url-1 = {http://doi.ieeecomputersociety.org/10.1109/ICIT.2007.34}}

@inproceedings{DBLP:conf/iciss/SunithaA08,
	Author = {N. R. Sunitha and                B. B. Amberker},
	Bibsource = {DBLP, http://dblp.uni-trier.de},
	Booktitle = {ICISS},
	Crossref = {DBLP:conf/iciss/2008},
	Date-Added = {2009-02-05 15:26:33 +0100},
	Date-Modified = {2009-02-05 15:26:33 +0100},
	Pages = {156-157},
	Title = {Proxy Re-signature Schemes},
	Year = {2008},
	Bdsk-Url-1 = {http://dx.doi.org/10.1007/978-3-540-89862-7_14}}

@inproceedings{DBLP:conf/otm/YounPKL06,
	Author = {Taek-Young Youn and                Young-Ho Park and                Chang Han Kim and                Jongin Lim},
	Bibsource = {DBLP, http://dblp.uni-trier.de},
	Booktitle = {OTM Workshops (1)},
	Crossref = {DBLP:conf/otm/2006-w1},
	Date-Added = {2009-02-05 15:26:33 +0100},
	Date-Modified = {2009-02-05 15:26:33 +0100},
	Pages = {382-391},
	Title = {An Efficient ID-Based Delegation Network},
	Year = {2006},
	Bdsk-Url-1 = {http://dx.doi.org/10.1007/11915034_62}}

@inproceedings{DBLP:conf/icics/Shim06,
	Author = {Kyung-Ah Shim},
	Bibsource = {DBLP, http://dblp.uni-trier.de},
	Booktitle = {ICICS},
	Crossref = {DBLP:conf/icics/2006},
	Date-Added = {2009-02-05 15:26:33 +0100},
	Date-Modified = {2009-02-05 15:26:33 +0100},
	Pages = {60-71},
	Title = {An Identity-Based Proxy Signature Scheme from Pairings},
	Year = {2006},
	Bdsk-Url-1 = {http://dx.doi.org/10.1007/11935308_5}}

@comment{BibDesk Smart Groups{
<?xml version="1.0" encoding="UTF-8"?>
<!DOCTYPE plist PUBLIC "-//Apple//DTD PLIST 1.0//EN" "http://www.apple.com/DTDs/PropertyList-1.0.dtd">
<plist version="1.0">
<array>
	<dict>
		<key>conditions</key>
		<array>
			<dict>
				<key>comparison</key>
				<integer>2</integer>
				<key>key</key>
				<string>Title</string>
				<key>value</key>
				<string>signature</string>
				<key>version</key>
				<string>1</string>
			</dict>
			<dict>
				<key>comparison</key>
				<integer>2</integer>
				<key>key</key>
				<string>Title</string>
				<key>value</key>
				<string>proxy</string>
				<key>version</key>
				<string>1</string>
			</dict>
		</array>
		<key>conjunction</key>
		<integer>0</integer>
		<key>group name</key>
		<string>signature</string>
	</dict>
	<dict>
		<key>conditions</key>
		<array>
			<dict>
				<key>comparison</key>
				<integer>2</integer>
				<key>key</key>
				<string>Author</string>
				<key>value</key>
				<string>mambo</string>
				<key>version</key>
				<string>1</string>
			</dict>
		</array>
		<key>conjunction</key>
		<integer>0</integer>
		<key>group name</key>
		<string>mambo</string>
	</dict>
</array>
</plist>
}}
