%% This BibTeX bibliography file was created using BibDesk.
%% http://bibdesk.sourceforge.net/


%% Created for Giuseppe Cattaneo at 2014-03-15 21:33:55 +0100 


%% Saved with string encoding Unicode (UTF-8) 



@inproceedings{AINA2014,
	Author = {Giuseppe Cattaneo and Umberto {{Ferraro Petrillo}} and Gianluca Roscigno},
	Booktitle = {Accepted for publication in the 28th IEEE International Conference on Advanced Information Networking and Applications (AINA 2014)},
	Date-Added = {2014-03-15 16:24:29 +0000},
	Date-Modified = {2014-03-15 16:28:21 +0000},
	Editor = {IEEE},
	Title = {A Scalable Approach to Source Camera Identification over Hadoop},
	Year = {2014}}

@inproceedings{ASIARES2014,
	Author = {Giuseppe Cattaneo and Umberto {{Ferraro Petrillo}} and Gianluca Roscigno},
	Booktitle = {Accepted for publication in the 2014 Asian Conference on Availability, Reliability and Security (AsiaARES 2014)},
	Date-Added = {2014-03-15 16:24:29 +0000},
	Date-Modified = {2014-03-15 16:28:09 +0000},
	Title = {Experimental Evaluation of an Algorithm for the Detection of Tampered JPEG Images},
	Year = {2014}}

@inproceedings{DBLP:dblp_journals/jaihc/CastiglioneCCP13,
	Author = {Aniello Castiglione and Giuseppe Cattaneo and Maurizio Cembalo and Umberto {{Ferraro Petrillo}}},
	Date-Modified = {2014-03-15 16:29:09 +0000},
	Ee = {http://dx.doi.org/10.1007/s12652-011-0070-2},
	Journal = {J. Ambient Intelligence and Humanized Computing},
	Pages = {265-274},
	Title = {Experimentations with source camera identification and Online Social Networks.},
	Year = {2013}}

@inproceedings{DBLP:dblp_journals/jucs/CattaneoMP13,
	Author = {Giuseppe Cattaneo and Giancarlo {De Maio} and Umberto {Ferraro Petrillo}},
	Ee = {http://www.jucs.org/jucs_19_16/security_issues_and_attacks},
	Journal = {J. UCS},
	Pages = {2437-2452},
	Title = {Security Issues and Attacks on the GSM Standard: a Review.},
	Year = {2013}}

@inproceedings{DBLP:dblp_conf/aina/CastiglioneCMS13,
	Author = {Aniello Castiglione and Giuseppe Cattaneo and Giancarlo {De Maio} and Alfredo {De Santis}},
	Booktitle = {AINA},
	Date-Modified = {2014-03-15 20:33:36 +0000},
	Ee = {http://doi.ieeecomputersociety.org/10.1109/AINA.2013.133},
	Pages = {405-412},
	Title = {Forensically-Sound Methods to Collect Live Network Evidence.},
	Year = {2013}}

@inproceedings{DBLP:dblp_conf/aina/CarulloCCSFP13,
	Author = {Giuliana Carullo and Aniello Castiglione and Giuseppe Cattaneo and Alfredo {De Santis} and Ugo Fiore and Francesco Palmieri},
	Booktitle = {AINA},
	Date-Modified = {2014-03-15 20:33:32 +0000},
	Ee = {http://doi.ieeecomputersociety.org/10.1109/AINA.2013.100},
	Pages = {1113-1120},
	Title = {FeelTrust: Providing Trustworthy Communications in Ubiquitous Mobile Environment.},
	Year = {2013}}

@inproceedings{DBLP:dblp_conf/ict-eurasia/CattaneoMFP13,
	Author = {Giuseppe Cattaneo and Giancarlo {{De Maio}} and Pompeo Faruolo and Umberto {Ferraro Petrillo}},
	Booktitle = {ICT-EurAsia},
	Date-Modified = {2014-03-15 20:33:40 +0000},
	Ee = {http://dx.doi.org/10.1007/978-3-642-36818-9_58},
	Pages = {507-512},
	Title = {A Review of Security Attacks on the GSM Standard.},
	Year = {2013}}

@inproceedings{DBLP:dblp_journals/compsec/CastiglioneCCSFPP12,
	Author = {Aniello Castiglione and Giuseppe Cattaneo and Maurizio Cembalo and Alfredo {De Santis} and Pompeo Faruolo and Fabio Petagna and Umberto {Ferraro Petrillo}},
	Ee = {http://dx.doi.org/10.1016/j.cose.2012.06.004},
	Journal = {Computers & Security},
	Pages = {771-781},
	Title = {Engineering a secure mobile messaging framework.},
	Year = {2012}}

@inproceedings{DBLP:dblp_conf/IEEEares/CastiglioneCPSY12,
	Author = {Aniello Castiglione and Giuseppe Cattaneo and Roberto {De Prisco} and Alfredo {De Santis} and Kangbin Yim},
	Booktitle = {CD-ARES},
	Date-Modified = {2014-03-15 20:33:14 +0000},
	Ee = {http://dx.doi.org/10.1007/978-3-642-32498-7_32},
	Pages = {430-444},
	Title = {How to Forge a Digital Alibi on Mac OS X.},
	Year = {2012}}

@inproceedings{DBLP:dblp_conf/imis/CastiglioneCMSCE12,
	Author = {Aniello Castiglione and Giuseppe Cattaneo and Giancarlo {De Maio} and Alfredo {De Santis} and Gerardo Costabile and Mattia Epifani},
	Booktitle = {IMIS},
	Date-Modified = {2014-03-15 20:33:20 +0000},
	Ee = {http://doi.ieeecomputersociety.org/10.1109/IMIS.2012.127},
	Pages = {114-121},
	Title = {The Forensic Analysis of a False Digital Alibi.},
	Year = {2012}}

@inproceedings{DBLP:dblp_conf/imis/CattaneoFP12,
	Author = {Giuseppe Cattaneo and Pompeo Faruolo and Umberto {Ferraro Petrillo}},
	Booktitle = {IMIS},
	Date-Modified = {2014-03-15 20:33:24 +0000},
	Ee = {http://doi.ieeecomputersociety.org/10.1109/IMIS.2012.35},
	Pages = {609-616},
	Title = {Experiments on Improving Sensor Pattern Noise Extraction for Source Camera Identification.},
	Year = {2012}}

@inproceedings{DBLP:dblp_conf/IEEEares/SantisCCMI11,
	Author = {Alfredo {De Santis} and Aniello Castiglione and Giuseppe Cattaneo and Giancarlo {De Maio} and Mario Ianulardo},
	Booktitle = {ARES},
	Date-Modified = {2014-03-15 20:32:56 +0000},
	Ee = {http://dx.doi.org/10.1007/978-3-642-23300-5_28},
	Pages = {359-373},
	Title = {Automated Construction of a False Digital Alibi.},
	Year = {2011}}

@inproceedings{DBLP:dblp_conf/imis/CastiglioneCMP11,
	Author = {Aniello Castiglione and Giuseppe Cattaneo and Giancarlo {De Maio} and Fabio Petagna},
	Booktitle = {IMIS},
	Date-Modified = {2014-03-15 20:33:01 +0000},
	Ee = {http://dx.doi.org/10.1109/IMIS.2011.65},
	Pages = {520-526},
	Title = {SECR3T: Secure End-to-End Communication over 3G Telecommunication Networks.},
	Year = {2011}}

@inproceedings{DBLP:dblp_conf/incos/AlbanoCCMS11,
	Author = {Pietro Albano and Aniello Castiglione and Giuseppe Cattaneo and Giancarlo {De Maio} and Alfredo {De Santis}},
	Booktitle = {INCoS},
	Date-Modified = {2014-03-15 20:33:05 +0000},
	Ee = {http://doi.ieeecomputersociety.org/10.1109/INCoS.2011.129},
	Pages = {685-690},
	Title = {On the Construction of a False Digital Alibi on the Android OS.},
	Year = {2011}}

@inproceedings{DBLP:dblp_conf/incos/CastiglioneCS11,
	Author = {Aniello Castiglione and Giuseppe Cattaneo and Alfredo {De Santis}},
	Booktitle = {INCoS},
	Date-Modified = {2014-03-15 20:33:09 +0000},
	Ee = {http://doi.ieeecomputersociety.org/10.1109/INCoS.2011.17},
	Pages = {679-684},
	Title = {A Forensic Analysis of Images on Online Social Networks.},
	Year = {2011}}

@inproceedings{DBLP:dblp_conf/bwcca/AlbanoCCS11,
	Author = {Pietro Albano and Aniello Castiglione and Giuseppe Cattaneo and Alfredo {De Santis}},
	Booktitle = {BWCCA},
	Date-Modified = {2014-03-15 20:32:43 +0000},
	Ee = {http://doi.ieeecomputersociety.org/10.1109/BWCCA.2011.62},
	Pages = {380-385},
	Title = {A Novel Anti-forensics Technique for the Android OS.},
	Year = {2011}}

@inproceedings{DBLP:dblp_conf/bwcca/CastiglioneCMS11,
	Author = {Aniello Castiglione and Giuseppe Cattaneo and Giancarlo {De Maio} and Alfredo {De Santis}},
	Booktitle = {BWCCA},
	Date-Modified = {2014-03-15 20:32:51 +0000},
	Ee = {http://doi.ieeecomputersociety.org/10.1109/BWCCA.2011.64},
	Pages = {392-398},
	Title = {Automatic, Selective and Secure Deletion of Digital Evidence.},
	Year = {2011}}

@inproceedings{DBLP:dblp_conf/cisis/SantisCCCPP10,
	Author = {Alfredo {De Santis} and Aniello Castiglione and Giuseppe Cattaneo and Maurizio Cembalo and Fabio Petagna and Umberto {Ferraro Petrillo}},
	Booktitle = {CISIS},
	Date-Modified = {2014-03-15 20:32:25 +0000},
	Ee = {http://doi.ieeecomputersociety.org/10.1109/CISIS.2010.81},
	Pages = {843-850},
	Title = {An Extensible Framework for Efficient Secure SMS.},
	Year = {2010}}

@inproceedings{DBLP:dblp_journals/dam/CattaneoFPI10,
	Author = {Giuseppe Cattaneo and Pompeo Faruolo and Umberto {Ferraro Petrillo} and Giuseppe F. Italiano},
	Ee = {http://dx.doi.org/10.1016/j.dam.2009.10.005},
	Journal = {Discrete Applied Mathematics},
	Pages = {404-425},
	Title = {Maintaining dynamic minimum spanning trees: An experimental study.},
	Year = {2010}}

@inproceedings{DBLP:dblp_conf/bwcca/CastiglioneCCP10,
	Author = {Aniello Castiglione and Giuseppe Cattaneo and Maurizio Cembalo and Umberto {Ferraro Petrillo}},
	Booktitle = {BWCCA},
	Date-Modified = {2014-03-15 20:32:15 +0000},
	Ee = {http://dx.doi.org/10.1109/BWCCA.2010.107},
	Pages = {417-422},
	Title = {Source Camera Identification in Real Practice: A Preliminary Experimentation.},
	Year = {2010}}

@inproceedings{DBLP:dblp_conf/wistp/CattaneoFPV10,
	Author = {Giuseppe Cattaneo and Pompeo Faruolo and Vincenzo Palazzo and Ivan Visconti},
	Booktitle = {WISTP},
	Date-Modified = {2014-03-15 20:32:31 +0000},
	Ee = {http://dx.doi.org/10.1007/978-3-642-12368-9_15},
	Pages = {213-220},
	Title = {Proxy Smart Card Systems.},
	Year = {2010}}
