@article{mxlog:1,
	Author = {Giuseppe Cattaneo and Vincenzo Loia},
	Journal = {ACM SIGPLAN Notices},
	Number = {4},
	Title = {A Common-Lisp Implementation of an Extended PROLOG System},
	Volume = {23},
	Year = {1988}}

@article{threads:1,
	Author = {Giuseppe Cattaneo and Giuseppe Di~Giore and Michele Ruotolo},
	title               = {Another {C} Threads Library},
	journal             = {ACM SIGPLAN Notices},
	Volume				= {27},
	Number				= {12},
	year                = {1992},
	pages               = {81--90},
	ee                  = {http://doi.acm.org/10.1145/142181.142208},
}


@article{jea:1,
	Author = {David Alberts and Giuseppe Cattaneo and Giuseppe F. Italiano},
	Journal = {ACM Journal of Experimental Algorithmics},
	Number = {5},
	Title = {An Empirical Study of Dynamic Graph Algorithms},
	Volume = {2},
	Year = {1997}}


@article{acms:99,,
	author = {Cattaneo, Giuseppe and Italiano, Giuseppe},
	title = {Algorithm Engineering},
	journal = {ACM Comput. Surv.},
	issue_date = {Sept. 1999},
	volume = {31},
	number = {3es},
	month = sep,
	year = {1999},
	issn = {0360-0300},
	articleno = {3},
	url = {http://doi.acm.org/10.1145/333580.333582},
	doi = {10.1145/333580.333582},
	acmid = {333582},
	publisher = {ACM},
	address = {New York, NY, USA}
} 


@article{CATAI:02,
	Author = {Giuseppe Cattaneo and Giuseppe F. Italiano and Umberto Ferraro~Petrillo},
	Bibsource = {DBLP, http://dblp.uni-trier.de},
	Ee = {http://dx.doi.org/10.1006/jvlc.2002.0230},
	Journal = {Journal of Visual Languages and Computing},
	Number = {4},
	Pages = {391-419},
	Title = {CATAI: Concurrent Algorithms and Data Types Animation over the Internet},
	Volume = {13},
	Year = {2002}}

@article{jwe:04,
	Author = {Alessandro Cilardo and Antonino Mazzeo and Luigi Romano and Giacinto P. Saggese and Giuseppe Cattaneo},
	Bibsource = {DBLP, http://dblp.uni-trier.de},
	Journal = {Journal of Web Engineering},
	Number = {3},
	Pages = {148-175},
	Title = {A Web Services Based Architecture for Digital Time Stamping},
	Volume = {2},
	Year = {2004}}

@article{DBLP:journals/vlc/CattaneoSP08,
	Author = {Giuseppe Cattaneo and Alfredo De~Santis and Umberto Ferraro~Petrillo},
	Bibsource = {DBLP, http://dblp.uni-trier.de},
	Date-Modified = {2010-01-28 10:52:37 +0100},
	Ee = {http://dx.doi.org/10.1016/j.jvlc.2007.05.001},
	Journal = {Journal of Visual Languages and Computing},
	Number = {2},
	Pages = {258-290},
	Title = {Visualization of cryptographic protocols with GRACE},
	Volume = {19},
	Year = {2008}}

@article{DAMS2010,
	Author = {Giuseppe Cattaneo and Pompeo Faruolo and Umberto Ferraro~Petrillo and Giuseppe F. Italiano},
	Date-Modified = {2010-05-01 21:54:50 +0200},
	Doi = {DOI: 10.1016/j.dam.2009.10.005},
	Issn = {0166-218X},
	Journal = {Discrete Applied Mathematics},
	Keywords = {Dynamic graphs},
	Month = {March},
	Number = {5},
	Pages = {404-425},
	Title = {Maintaining dynamic minimum spanning trees: An experimental study},
	Url = {http://www.sciencedirect.com/science/article/B6TYW-4XMTFDB-1/2/123e0df02862a4836af773874b4214b5},
	Volume = {158},
	Year = {2010},
	Bdsk-Url-1 = {http://www.sciencedirect.com/science/article/B6TYW-4XMTFDB-1/2/123e0df02862a4836af773874b4214b5},
	Bdsk-Url-2 = {http://dx.doi.org/10.1016/j.dam.2009.10.005}}

@article{DBLP:journals/compsec/CastiglioneCCSFPP12,
	Author = {Aniello Castiglione and Giuseppe Cattaneo and Maurizio Cembalo and Alfredo De~Santis and Pompeo Faruolo and Fabio Petagna and Umberto Ferraro~Petrillo},
	Bibsource = {DBLP, http://dblp.uni-trier.de},
	Ee = {http://dx.doi.org/10.1016/j.cose.2012.06.004},
	Journal = {Computers {\&} Security},
	Number = {6},
	Pages = {771-781},
	Title = {Engineering a secure mobile messaging framework},
	Volume = {31},
	Year = {2012}}

@inbook{HSMProxyChap:2012,
	Author = {Giuseppe Cattaneo and Pompeo Faruolo and Ivan Visconti},
	Editor = {Gupta, Manish and Walp, John and Sharman, Raj},
	Chapter = {3},
	Date-Added = {2015-04-05 17:34:59 +0000},
	Date-Modified = {2015-04-05 17:39:22 +0000},
	Ee = {http://dx.doi.org/10.4018/978-1-4666-0978-5.ch003},
	Pages = {53--65},
	Publisher = {IGI Global, Information Science Reference},
	Series = {IGI Book},
	Title = {A Distributed and Secure Architecture for Signature and Decryption Delegation Through Remote Smart Cards},
	Volume = {Threats, Countermeasures, and Advances in Applied Information Security},
	Year = {2012}}

@article{DBLP:journals/jucs/CattaneoMP13,
	Author = {Giuseppe Cattaneo and Giancarlo De~Maio and Umberto Ferraro~Petrillo},
	Bibsource = {DBLP, http://dblp.uni-trier.de},
	Date-Modified = {2014-06-01 23:12:53 +0000},
	Ee = {http://www.jucs.org/jucs_19_16/security_issues_and_attacks},
	Journal = {J. UCS},
	Number = {16},
	Pages = {2437--2452},
	Title = {Security Issues and Attacks on the GSM Standard: a Review},
	Volume = {19},
	Year = {2013}}

@article{IEEEOpenAccess:Alibi13,
	Author = {Aniello Castiglione and Giuseppe Cattaneo and Giancarlo De~Maio and Alfredo De~Santis},
	Ee = {http://dx.doi.org/10.1109/ACCESS.2013.2260817},
	Issn = {2169-3536},
	Journal = {Access, IEEE},
	Pages = {216--231},
	Title = {Automated Production of Predetermined Digital Evidence},
	Volume = {1},
	Year = {2013}}

@article{Bioinformation:GRIMD14,
	Author = {Stefano Piotto and Aniello Castiglione and Giuseppe Cattaneo and Luigi De~Biasi and Simona Concilio},
	Date-Modified = {2015-02-16 11:13:04 +0000},
	Ee = {http://dx.doi.org/10.6026/97320630010043},
	Journal = {{BioInformation}},
	Number = {1},
	Title = {GRIMD: distributed computing for chemists and biologists},
	Volume = {10},
	Year = {2014}}

@article{DBLP:journals/jaihc/CastiglioneCCP13,
	Author = {Aniello Castiglione and Giuseppe Cattaneo and Maurizio Cembalo and Umberto Ferraro Petrillo},
	Bibsource = {dblp computer science bibliography, http://dblp.org},
	Biburl = {http://dblp.uni-trier.de/rec/bib/journals/jaihc/CastiglioneCCP13},
	Doi = {10.1007/s12652-011-0070-2},
	Journal = {J. Ambient Intelligence and Humanized Computing},
	Number = {2},
	Pages = {265--274},
	Timestamp = {Sun, 14 Apr 2013 18:07:20 +0200},
	Title = {Experimentations with source camera identification and Online Social Networks},
	Url = {http://dx.doi.org/10.1007/s12652-011-0070-2},
	Volume = {4},
	Year = {2013},
	Bdsk-Url-1 = {http://dx.doi.org/10.1007/s12652-011-0070-2}}


