%% This BibTeX bibliography file was created using BibDesk.
%% http://bibdesk.sourceforge.net/
%% Created for Giuseppe Cattaneo at 2016-02-08 17:55:35 +0100 
%% Saved with string encoding Unicode (UTF-8) 

@inproceedings{ipl:1,
	Address = {Hiroshima (Japan)},
	Author = {Giuseppe Cattaneo and Stefano Levialdi and Genny Tortora},
	Booktitle = {1th IEEE Workshop on Visual Languages},
	Pages = {108--114},
	Title = {Language Constructs for Image Manipulation},
	Year = {1984}}

@inproceedings{icon:2,
	Address = {Dallas (USA)},
	Author = {Giuseppe Cattaneo and Mara Guercio and Stefano Levialdi and Genny Tortora},
	Booktitle = {2nd IEEE Workshop on Visual Languages},
	Date-Modified = {2010-04-28 19:38:50 +0200},
	Pages = {22-25},
	Title = {Iconlisp: an Example of a Visual Programming Language},
	Year = {1986}}

@techreport{cnr:1,
	Author = {Giuseppe Cattaneo},
	Institution = {C.N.R.},
	Month = {Sep},
	Number = {56/86},
	School = {Laboratorio di cibernetica, Arco Felice (NA)},
	Title = {Linguaggi Imperativi per la Programmazione Concorrente},
	Year = {1986}}

@techreport{cnr:2,
	Author = {Giuseppe Cattaneo and Mario Furnari and Antonio Massarotti},
	Institution = {C.N.R.},
	Month = {Jul},
	Number = {45/87},
	School = {Laboratorio di cibernetica, Arco Felice (NA)},
	Title = {Needs for a new massively parallel lisp-like architecture},
	Year = {1987}}

@techreport{sistemiII,
	Author = {Giuseppe Cattaneo and Isidoro Orabona},
	Institution = {Dipartimento di Informatica ed Applicazioni, Universit\`a di Salerno},
	Month = {Apr},
	School = {Dispense del corso di: Sistemi per l'elaborazione dell'Informazione II a.a. 93--94},
	Title = {Guida ragionata alle funzioni del Sistema Operativo {Unix~$^{TM}$}},
	Year = {1994}}

@article{mxlog:1,
	Author = {Giuseppe Cattaneo and Vincenzo Loia},
	Journal = {ACM SIGPLAN Notices},
	Number = {4},
	Title = {A Common-Lisp Implementation of an Extended PROLOG System},
	Volume = {23},
	Year = {1988}}

@techreport{litp:1,
	Author = {Giuseppe Cattaneo},
	Institution = {Universit\'e Paris VI},
	Month = {Nov},
	Number = {88--71},
	School = {Laboratoire d'Informatique Th\'eorique et Programmation},
	Title = {The Basic Hardware and Software Support to Medium Grain Parallelism},
	Year = {1988}}

@inproceedings{mxlog:2,
	Address = {Hong Kong},
	Author = {Giuseppe Cattaneo and Vincenzo Loia and Michel Quaggetto},
	Booktitle = {The International Computer Science Conference},
	Date-Modified = {2010-04-28 19:39:19 +0200},
	Month = {Dec},
	Pages = {19--21},
	Title = {Toward the Efficient High-Level Implementation of PROLOG: MXLog a case study},
	Year = {1988}}

@inproceedings{GULP:89,
	Address = {Bologna (Italy)},
	Author = {Giuseppe Cattaneo and Vincenzo Loia and Michel Quaggetto},
	Booktitle = {Atti del IV Convegno sulla Programmazione Logica},
	Month = {Jun},
	Title = {Un Ambiente di Programmazione Basato sulla Manipolazione della Storia del Calcolo},
	Year = {1989}}

@inproceedings{SPLT:89,
	Address = {Tr\`egastel (France)},
	Author = {Giuseppe Cattaneo and Vincenzo Loia and Michel Quaggetto},
	Booktitle = {Actes du s\`eminaire de programmation en logique de Tr\`egastel (SPLT'89)},
	Month = {May},
	Title = {Manipulation de l'histoire du calcul pour impl\`ementer des outils de mise au point},
	Year = {1989}}

@inproceedings{ISCIS:1,
	Address = {Cesme (Turkey)},
	Author = {Giuseppe Cattaneo and Patrick Paroubek},
	Booktitle = {IV International Symposium on Computer and Information Science (ISCIS IV)},
	Date-Modified = {2010-04-28 19:39:31 +0200},
	Month = {Oct},
	Title = {The Software Support to Medium Grain Parallelism: an Evaluation},
	Year = {1989}}

@inproceedings{ISCIS:2,
	Address = {Cesme (Turkey)},
	Author = {Patrick Boizumault and Giuseppe Cattaneo and Vincenzo Loia and Michel Quaggetto},
	Booktitle = {IV International Symposium on Computer and Information Science (ISCIS IV)},
	Date-Modified = {2010-04-28 19:39:50 +0200},
	Month = {Oct},
	Title = {Sleepers: a High Level Tool to Implement Prolog},
	Year = {1989}}

@techreport{litp:2,
	Author = {Giuseppe Cattaneo},
	Institution = {Universit\'a Parigi VI},
	Month = {Nov},
	Number = {89--81},
	School = {Laboratoire d'Informatique Th\'eorique et Programmation},
	Title = {Le portage de Kyoto Common Lisp sur la machine Encore Multimax},
	Year = {1989}}

@inproceedings{ISCIS:3,
	Address = {Nevsehir Cappadocia (Turkey)},
	Author = {Giuseppe Cattaneo and D. Noce and Maria I. Sessa},
	Booktitle = {V International Symposium on Computer and Information Science (ISCIS V)},
	Month = {Oct},
	Title = {An Expert System for Palaeography},
	Year = {1990}}

@inproceedings{AICA:1,
	Address = {Roma (Italy)},
	Author = {Giuseppe Cattaneo and Moreno Carosella and Giovanni Nardone},
	Booktitle = {Atti del Workshop ``Elaborazione Parallela: Ricerca ed Applicazioni''},
	Month = {Feb},
	Title = {Un Sistema Parallelo ad Attori Orientato alla Visione},
	Year = {1992}}

@inproceedings{SEKE:1,
	Address = {Capri (Italy)},
	Author = {Giuseppe Cattaneo and Vincenzo Loia and Michel Quaggetto},
	Booktitle = {Proceedings of the IV Workshop on Software Engineering \& Knowledge Engineering},
	Month = {Jun},
	Title = {Incremental High Level Implementation of Prolog in a Open System Framework},
	Year = {1992}}

@inproceedings{ISCIS:4,
	Address = {Turkey},
	Author = {Giuseppe Cattaneo and Giovanni Nardone and Maria I. Sessa},
	Booktitle = {VII International Symposium on Computer and Information Science (ISCIS VII)},
	Month = {Oct},
	Title = {An Actor Based Implementation of a Concurrent Asynchronous Zero Searching Algorithm},
	Year = {1992}}

@article{threads:1,
	Author = {Giuseppe Cattaneo and Giuseppe Di~Giore and Michele Ruotolo},
	Ee = {http://doi.acm.org/10.1145/142181.142208},
	Journal = {ACM SIGPLAN Notices},
	Number = {12},
	Pages = {81--90},
	Title = {Another {C} Threads Library},
	Volume = {27},
	Year = {1992}}

@inproceedings{AICA:2,
	Address = {Torino (Italy)},
	Author = {Mario Busillo and Moreno Carosella and Giuseppe Cattaneo},
	Booktitle = {Atti del Congresso Annuale A.I.C.A.},
	Date-Modified = {2010-05-01 22:02:15 +0200},
	Month = {October},
	Title = {Sistemi a parallelismo massivo per l'elaborazione e l'analisi dell'immagine},
	Year = {1992}}

@inproceedings{SODA96:1,
	Address = {Atlanta (USA)},
	Author = {David Alberts and Giuseppe Cattaneo and Giuseppe F. Italiano},
	Booktitle = {Proc. of Seventh Annual ACM-SIAM Symposium on Discrete Algorithms},
	Month = {Jan 28--31},
	Pages = {192--201},
	Title = {An Empirical Study of Dynamic Graph Algorithms},
	Year = {1996}}

@article{jea:1,
	Author = {David Alberts and Giuseppe Cattaneo and Giuseppe F. Italiano},
	Journal = {ACM Journal of Experimental Algorithmics},
	Number = {5},
	Title = {An Empirical Study of Dynamic Graph Algorithms},
	Volume = {2},
	Year = {1997}}

@inproceedings{SODA97:2,
	Address = {New Orleans (USA)},
	Author = {Giuseppe Amato and Giuseppe Cattaneo and Giuseppe F. Italiano},
	Booktitle = {Eighth Annual ACM-SIAM Symposium on Discrete Algorithms},
	Month = {Jan 5--7},
	Pages = {314--323},
	Title = {Experimental Analysis of Dynamic Minimum Spanning Tree Algorithms},
	Year = {1997}}

@inproceedings{RETIS:97,
	Address = {OCG Lecture Notes},
	Author = {Maria Barra and Giuseppe Cattaneo and Vittorio Scarano},
	Booktitle = {ReTIS '97 - Re-Technologies for Information Systems},
	Pages = {101--116},
	Title = {Architecture Design of a Distributed System for Cooperative and Remote Software Support and Maintenance},
	Volume = {107},
	Year = {1997}}

@inproceedings{ALEX:98,
	Address = {Trieste},
	Author = {David Alberts and Giuseppe Cattaneo and Giuseppe F. Italiano and Umberto Nanni and Christos D. Zaroliagis},
	Booktitle = {ALEX '98},
	Month = {Feb 9 -- 11},
	Pages = {129 --136},
	Title = {A Software Library of Dynamic Graph Algorithms},
	Year = {1998}}

@inproceedings{IFIP:98,
	Address = {Vienna (Austria)},
	Author = {Giuseppe Cattaneo and Umberto Ferraro~Petrillo and Giuseppe F. Italiano and Vittorio Scarano},
	Booktitle = {Fundamentals, Foundations of Computer Science, 15th IFIP World Computer Congress (IFIP 98)},
	Month = {Aug 31--Sep 4},
	Pages = {63--80},
	Title = {Cooperative Algorithm and Data Types Animation over the Internet},
	Year = {1998}}

@inproceedings{ECOM:2,
	Address = {IEEE Comp. Press},
	Author = {Maria Barra and Giuseppe Cattaneo and Alberto Negro and Vittorio Scarano},
	Booktitle = {Third IEEE Symposium on Computers and Communications (ISCC)},
	Date-Modified = {2010-05-01 22:02:35 +0200},
	Title = {Symmetric Adaptive Customer Modeling in an Electronic Store},
	Year = {1998}}

@inproceedings{ECOM:1,
	Author = {Maria Barra and Giuseppe Cattaneo and Mario Izzo and Alberto Negro and Vittorio Scarano},
	Booktitle = {Lecture Notes in Computer Science, International IFIP Working Conference on ``Trends in Distributed Systems for Electronic Commerce''},
	Date-Modified = {2010-05-01 22:02:53 +0200},
	Editor = {Springer-Verlag},
	Month = {Jun 3--5},
	Title = {Symmetric Adaptive Customer Modeling for Electronic Commerce in a Distributed Environment},
	Year = {1998}}

@inproceedings{CABOTO:98,
	Address = {Venezia},
	Author = {Maria Barra and Giuseppe Cattaneo and Mario Izzo and Alberto Negro and Vittorio Scarano},
	Booktitle = {Atti del Convegno ``Caboto '98: Il Commercio Elettronico per le Piccole e Medie Imprese''},
	Date-Modified = {2010-05-01 22:03:19 +0200},
	Month = {Febraury 26--27},
	Title = {Commercio Elettronico: Adattivit{\`a}, Sicurezza e Privacy},
	Year = 1998}

@article{acms:99,
	Acmid = {333582},
	Address = {New York, NY, USA},
	Articleno = {3},
	Author = {Cattaneo, Giuseppe and Italiano, Giuseppe},
	Doi = {10.1145/333580.333582},
	Issn = {0360-0300},
	Issue_Date = {Sept. 1999},
	Journal = {ACM Comput. Surv.},
	Month = sep,
	Number = {3es},
	Publisher = {ACM},
	Title = {Algorithm Engineering},
	Url = {http://doi.acm.org/10.1145/333580.333582},
	Volume = {31},
	Year = {1999},
	Bdsk-Url-1 = {http://doi.acm.org/10.1145/333580.333582},
	Bdsk-Url-2 = {http://dx.doi.org/10.1145/333580.333582}}

@inproceedings{WSDAL:00,
	Address = {Ischia, Italy},
	Author = {Giuseppe Cattaneo and A. Guiducci and Umberto Ferraro~Petrillo},
	Booktitle = {Atti del V ``Workshop sui Sistemi Distribuiti: Algoritmi, Architetture e Linguaggi''},
	Month = {Sep 18--20},
	Pages = {1--3},
	Title = {Animation of parallel programs},
	Year = {2000}}

@inproceedings{AICA:01,
	Address = {Cernobbio (CO) Italy},
	Author = {Carlo Blundo and Giuseppe Cattaneo and Alfredo De~Santis},
	Booktitle = {Atti del XXXIX Congresso Annuale AICA 2001 ``Tecnologie Innovazione e Societ\'a''},
	Month = {Sep 19--22},
	Title = {Un sistema a garanzia dell'anonimato su Internet},
	Year = {2001}}

@inproceedings{USENIX:01,
	Address = {Boston, Massachusetts, USA},
	Author = {Giuseppe Cattaneo and Luigi Catuogno and Aniello Del~Sorbo and Giuseppe Persiano},
	Bibsource = {DBLP, http://dblp.uni-trier.de},
	Booktitle = {USENIX Annual Technical Conference, FREENIX Track},
	Date-Modified = {2015-04-05 17:52:57 +0000},
	Editor = {Clem Cole},
	Ee = {http://www.usenix.org/publications/library/proceedings/usenix01/freenix01/cattaneo.html},
	Month = {June 25-30},
	Number = {1-880446-10-3},
	Pages = {199-212},
	Title = {The Design and Implementation of a Transparent Cryptographic File System for {UNIX}},
	Year = {2001}}

@article{CATAI:02,
	Author = {Giuseppe Cattaneo and Giuseppe F. Italiano and Umberto Ferraro~Petrillo},
	Bibsource = {DBLP, http://dblp.uni-trier.de},
	Ee = {http://dx.doi.org/10.1006/jvlc.2002.0230},
	Journal = {Journal of Visual Languages and Computing},
	Number = {4},
	Pages = {391-419},
	Title = {CATAI: Concurrent Algorithms and Data Types Animation over the Internet},
	Volume = {13},
	Year = {2002}}

@inproceedings{AICA:02,
	Address = {Conversano (BA) Italy},
	Author = {Carlo Blundo and Annalisa Caso and Giuseppe Cattaneo and Andrea D'Agostino and Alfredo De~Santis and Gerardo Maiorano and Giuseppe Persiano},
	Booktitle = {Atti del XL Congresso Annuale AICA 2002 ``ICT, globalization and localisms''},
	Month = {25--27 Sep},
	Title = {Un'Architettura Scalabile per Servizi di Time-Stamping},
	Year = {2002}}

@inproceedings{ALENEX:02,
	Address = {San Francicsco, CA, USA},
	Author = {Giuseppe Cattaneo and Pompeo Faruolo and Umberto Ferraro~Petrillo and Giuseppe F. Italiano},
	Bibsource = {DBLP, http://dblp.uni-trier.de},
	Booktitle = {Proceedings of the 4th International Workshop, Algorithm Engineering and Experiments, ALENEX 2002 (Revised Papers)},
	Date-Modified = {2010-05-01 21:59:05 +0200},
	Editor = {David M. Mount and Clifford Stein},
	Ee = {http://link.springer.de/link/service/series/0558/bibs/2409/24090111.htm},
	Month = {January 4-5},
	Number = {3-540-43977-3},
	Pages = {111-125},
	Publisher = {Springer},
	Series = {Lecture Notes in Computer Science},
	Title = {Maintaining Dynamic Minimum Spanning Trees: An Experimental Study},
	Volume = {2409},
	Year = {2002}}

@inproceedings{WRSM:03a,
	Address = {Catania, Italy},
	Author = {Giuseppe Cattaneo and Luigi Catuogno and Umberto Ferraro~Petrillo and Ivan Visconti},
	Booktitle = {Proceedings of Workshop on Reliable and Secure Middleware},
	Editor = {Springer--Verlag},
	Month = {November 7},
	Pages = {975--988},
	Series = {Lecture Notes in Computer Science},
	Title = {A Lightweight Security Model for WBEM},
	Volume = {2889},
	Year = {2003}}

@inproceedings{WRSM:03b,
	Address = {Catania, Italy},
	Author = {Giuseppe Cattaneo and Alessandro Cilardo and Antonino Mazzeo and Luigi Romano and Giacinto P. Saggese},
	Booktitle = {Proceedings of Workshop on Reliable and Secure Middleware},
	Editor = {Springer--Verlag},
	Month = {November 7},
	Pages = {960--974},
	Series = {Lecture Notes in Computer Science},
	Title = {Using Web Services Technology for Inter-enterprise Integration of Digital Time Stamping},
	Volume = {2889},
	Year = {2003}}

@inproceedings{SSGRR:03,
	Address = {L'Aquila, Italy},
	Author = {Giuseppe Cattaneo and Alessandro Cilardo and Antonino Mazzeo and Luigi Romano and Giacinto P. Saggese},
	Booktitle = {Proceedings of International Conference on Advances in Infrastructure for Electronic Business, Education, Science, Medicine and Mobile Technologies on the Internet, Scuola Superiore Guglielmo Reiss Romoli},
	Date-Modified = {2010-05-01 22:03:46 +0200},
	Month = {July},
	Title = {Providing Interoperable Time Stamping Services},
	Year = {2003}}

@inproceedings{wbem:03,
	Address = {Split, Croazia},
	Author = {Luigi Auletta and Giuseppe Cattaneo and Luigi Catuogno and A. De~Gregorio and Umberto Ferraro~Petrillo and Antonio Fresa and Domenico Parente and Giuseppe Persiano},
	Booktitle = {Proceedings of IEEE SoftCOM},
	Month = {October 7--10},
	Pages = {380--385},
	Title = {Applying WBEM to heterogeneous TLC Network Management: an evaluation},
	Year = {2003}}

@inproceedings{airo:04,
	Address = {Lecce, Italy},
	Author = {Giuseppe Cattaneo and Pompeo Faruolo and Umberto Ferraro~Petrillo},
	Booktitle = {Proceedings of 35th annual Conference of the Italian Operations Research Society},
	Month = {Settembre 7--10},
	Title = {A New Framework for Experimental Study of Graph Algorithms},
	Year = {2004}}

@inproceedings{AnonAuth:04,
	Address = {San Diego, California, USA},
	Author = {Giuseppe Cattaneo and Pompeo Faruolo and Umberto Ferraro~Petrillo and Giuseppe Persiano},
	Bibsource = {DBLP, http://dblp.uni-trier.de},
	Booktitle = {Proceedings of the IEEE International Conference on Web Services (ICWS'04)},
	Date-Modified = {2010-05-01 21:51:41 +0200},
	Ee = {http://doi.ieeecomputersociety.org/10.1109/ICWS.2004.89},
	Month = {June 6-9},
	Pages = {166-173},
	Publisher = {IEEE Computer Society},
	Title = {Providing Privacy for Web Services by Anonymous Group Identification},
	Year = {2004}}

@article{jwe:04,
	Author = {Alessandro Cilardo and Antonino Mazzeo and Luigi Romano and Giacinto P. Saggese and Giuseppe Cattaneo},
	Bibsource = {DBLP, http://dblp.uni-trier.de},
	Journal = {Journal of Web Engineering},
	Number = {3},
	Pages = {148-175},
	Title = {A Web Services Based Architecture for Digital Time Stamping},
	Volume = {2},
	Year = {2004}}

@inproceedings{jive:04,
	Address = {Rome, Italy},
	Author = {Giuseppe Cattaneo and Pompeo Faruolo and Umberto Ferraro~Petrillo and Giuseppe F. Italiano},
	Bibsource = {DBLP, http://dblp.uni-trier.de},
	Booktitle = {Proceedings of IEEE Symposium on Visual Languages and Human-Centric Computing (VL/HCC 2004)},
	Date-Modified = {2010-05-01 21:41:43 +0200},
	Ee = {http://doi.ieeecomputersociety.org/10.1109/VLHCC.2004.34},
	Month = {September 26-29},
	Pages = {41-43},
	Publisher = {IEEE Computer Society},
	Title = {JIVE: Java Interactive Software Visualization Environment},
	Year = {2004}}

@inproceedings{speech:06,
	Address = {Rome, Italy},
	Author = {Aniello Castiglione and Giuseppe Cattaneo and Alfredo De~Santis and Fabio Petagna and Umberto Ferraro~Petrillo},
	Booktitle = {ISSE 2006 Securing Electronic Busines Processes},
	Editor = {S. Paulus, N. Pohlmann, H. Reimer},
	Ee = {http://dx.doi.org/10.1007/978-3-8348-9195-2_31},
	Isbn = {3-8348-0213-1},
	Month = {Oct. 10--12},
	Pages = {287--297},
	Series = {Lecture Notes in Computer Science},
	Title = {SPEECH: Secure Personal End-to-End Communication with Handheld},
	Year = {2006}}

@inproceedings{itoken:07,
	Author = {Giuseppe Cattaneo and Luigi Catuogno and Fabio Petagna and Gaetano Di Matteo and Luigi Romano},
	Booktitle = {Security and Privacy in Communications Networks and the Workshops, 2007. SecureComm 2007. Third International Conference on},
	Doi = {10.1109/SECCOM.2007.4550315},
	Issn = {978-1-4244-0974-7},
	Month = {Sept.},
	Pages = {98-106},
	Title = {iToken: aWireless smart card reader which provides handhelds with desk top equivalent security},
	Year = {2007},
	Bdsk-Url-1 = {http://dx.doi.org/10.1109/SECCOM.2007.4550315}}

@inproceedings{voip:08,
	Address = {Split-Dubrovnik (Croatia)},
	Author = {Giuseppe Cattaneo and Luigi Catuogno and Fabio Petagna},
	Booktitle = {Proceedings of Workshop on ICT at 2008 International Conference on Software, Telecommunications and Computer Networks (SoftCOM 2008)},
	Month = {Sept.},
	Title = {An Implementation of Interoperable Security Features for a Smart Card enabled VoIP Softphone},
	Year = {2008}}

@article{DBLP:journals/vlc/CattaneoSP08,
	Author = {Giuseppe Cattaneo and Alfredo De~Santis and Umberto Ferraro~Petrillo},
	Bibsource = {DBLP, http://dblp.uni-trier.de},
	Date-Modified = {2010-01-28 10:52:37 +0100},
	Ee = {http://dx.doi.org/10.1016/j.jvlc.2007.05.001},
	Journal = {Journal of Visual Languages and Computing},
	Number = {2},
	Pages = {258-290},
	Title = {Visualization of cryptographic protocols with GRACE},
	Volume = {19},
	Year = {2008}}

@inproceedings{DISCERN09,
	Address = {Washington, DC, USA},
	Author = {Giuseppe Cattaneo and Alfredo De~Santis and Umberto Ferraro~Petrillo},
	Booktitle = {Proceedings of the 5th International Conference on Collaborative Computing: Networking, Applications and Worksharing, 2009. CollaborateCom 2009},
	Date-Modified = {2016-02-08 13:40:22 +0000},
	Doi = {10.4108/ICST.COLLABORATECOM2009.8360},
	Issn = {978-963-9799-76-9},
	Month = {November 11-14},
	Pages = {1-8},
	Title = {{DISCERN}: A collaborative visualization system for learning cryptographic protocols},
	Year = {2009},
	Bdsk-Url-1 = {http://dx.doi.org/10.4108/ICST.COLLABORATECOM2009.8360}}

@inproceedings{DBLP:conf/ecweb/CastiglioneCCFP09,
	Address = {Linz, Austria},
	Author = {Aniello Castiglione and Giuseppe Cattaneo and Maurizio Cembalo and Pompeo Faruolo and Umberto Ferraro~Petrillo},
	Bibsource = {DBLP, http://dblp.uni-trier.de},
	Booktitle = {Proceedings of the 10th International Conference E-Commerce and Web Technologies, EC-Web},
	Date-Modified = {2010-05-01 22:36:02 +0200},
	Editor = {Tommaso Di Noia and Francesco Buccafurri},
	Ee = {http://dx.doi.org/10.1007/978-3-642-03964-5_7},
	Month = {September 1-4},
	Number = {978-3-642-03963-8},
	Pages = {62-71},
	Publisher = {Springer},
	Series = {Lecture Notes in Computer Science},
	Title = {A Multi-scheme and Multi-channel Framework for Micropayment Systems},
	Volume = {5692},
	Year = {2009}}

@article{DAMS2010,
	Author = {Giuseppe Cattaneo and Pompeo Faruolo and Umberto Ferraro~Petrillo and Giuseppe F. Italiano},
	Date-Modified = {2010-05-01 21:54:50 +0200},
	Doi = {DOI: 10.1016/j.dam.2009.10.005},
	Issn = {0166-218X},
	Journal = {Discrete Applied Mathematics},
	Keywords = {Dynamic graphs},
	Month = {March},
	Number = {5},
	Pages = {404-425},
	Title = {Maintaining dynamic minimum spanning trees: An experimental study},
	Url = {http://www.sciencedirect.com/science/article/B6TYW-4XMTFDB-1/2/123e0df02862a4836af773874b4214b5},
	Volume = {158},
	Year = {2010},
	Bdsk-Url-1 = {http://www.sciencedirect.com/science/article/B6TYW-4XMTFDB-1/2/123e0df02862a4836af773874b4214b5},
	Bdsk-Url-2 = {http://dx.doi.org/10.1016/j.dam.2009.10.005}}

@inproceedings{CHI:2010,
	Author = {Aniello Castiglione and Giuseppe Cattaneo and Maurizio Cembalo and Umberto Ferraro~Petrillo},
	Booktitle = {International Conference on Broadband, Wireless Computing, Communication and Applications (BWCCA)},
	Date-Added = {2013-08-04 18:10:40 +0000},
	Date-Modified = {2013-08-04 18:16:29 +0000},
	Doi = {10.1109/BWCCA.2010.107},
	Isbn = {978-1-4244-8448-5},
	Month = {Jun, 4-6},
	Pages = {417-422},
	Title = {Source Camera Identification in Real Practice: A Preliminary Experimentation},
	Year = {2010},
	Bdsk-Url-1 = {http://dx.doi.org/10.1109/BWCCA.2010.107}}

@inproceedings{DBLP:conf/cisis/SantisCCCPP10,
	Address = {Krakow, Poland},
	Author = {Alfredo De~Santis and Aniello Castiglione and Giuseppe Cattaneo and Maurizio Cembalo and Fabio Petagna and Umberto Ferraro~Petrillo},
	Bibsource = {DBLP, http://dblp.uni-trier.de},
	Booktitle = {Proceedings of the Fourth International Conference on Complex, Intelligent and Software Intensive Systems, CISIS 2010},
	Date-Modified = {2010-05-01 21:39:07 +0200},
	Editor = {Leonard Barolli and Fatos Xhafa and Salvatore Vitabile and Hui-Huang Hsu},
	Ee = {http://doi.ieeecomputersociety.org/10.1109/CISIS.2010.81},
	Month = {February 15-18},
	Number = {978-0-7695-3967-6},
	Pages = {843-850},
	Publisher = {IEEE Computer Society},
	Title = {An Extensible Framework for Efficient Secure SMS},
	Year = {2010}}

@inproceedings{DBLP:conf/wistp/CattaneoFPV10,
	Address = {Passau, Germany},
	Author = {Giuseppe Cattaneo and Pompeo Faruolo and Vincenzo Palazzo and Ivan Visconti},
	Bibsource = {DBLP, http://dblp.uni-trier.de},
	Booktitle = {Proceedings of 4th IFIP WG 11.2 International Workshop, WISTP 2010 - Information Security Theory and Practices. Security and Privacy of Pervasive Systems and Smart Devices},
	Date-Modified = {2010-05-01 21:33:37 +0200},
	Editor = {Pierangela Samarati and Michael Tunstall and Joachim Posegga and Konstantinos Markantonakis and Damien Sauveron},
	Ee = {http://dx.doi.org/10.1007/978-3-642-12368-9_15},
	Month = {April 12-14},
	Pages = {213-220},
	Publisher = {Springer},
	Title = {Proxy Smart Card Systems},
	Volume = {6033},
	Year = {2010}}

@inproceedings{DBLP:conf/IEEEares/SantisCCMI11,
	Author = {Alfredo De~Santis and Aniello Castiglione and Giuseppe Cattaneo and Giancarlo De~Maio and Mario Ianulardo},
	Bibsource = {DBLP, http://dblp.uni-trier.de},
	Booktitle = {ARES},
	Date-Modified = {2014-06-01 23:13:58 +0000},
	Ee = {http://dx.doi.org/10.1007/978-3-642-23300-5_28},
	Pages = {359-373},
	Title = {Automated Construction of a False Digital Alibi},
	Year = {2011}}

@inproceedings{DBLP:conf/bwcca/AlbanoCCS11,
	Author = {Pietro Albano and Aniello Castiglione and Giuseppe Cattaneo and Alfredo De~Santis},
	Bibsource = {DBLP, http://dblp.uni-trier.de},
	Booktitle = {2011 International Conference on Broadband, Wireless Computing, Communication and Applications, BWCCA 2011, Barcelona, Spain, October 26-28, 2011},
	Date-Modified = {2013-08-04 21:51:21 +0000},
	Ee = {http://doi.ieeecomputersociety.org/10.1109/BWCCA.2011.62},
	Pages = {380-385},
	Title = {A Novel Anti-Forensics Technique for the Android {OS}},
	Year = {2011}}

@inproceedings{DBLP:conf/bwcca/CastiglioneCMS11,
	Author = {Aniello Castiglione and Giuseppe Cattaneo and Giancarlo De~Maio and Alfredo De~Santis},
	Bibsource = {DBLP, http://dblp.uni-trier.de},
	Booktitle = {2011 International Conference on Broadband, Wireless Computing, Communication and Applications, BWCCA 2011, Barcelona, Spain, October 26-28, 2011},
	Date-Modified = {2014-06-01 23:12:12 +0000},
	Ee = {http://doi.ieeecomputersociety.org/10.1109/BWCCA.2011.64},
	Pages = {392-398},
	Title = {Automatic, Selective and Secure Deletion of Digital Evidence},
	Year = {2011}}

@inproceedings{DBLP:conf/imis/CastiglioneCMP11,
	Author = {Aniello Castiglione and Giuseppe Cattaneo and Giancarlo De~Maio and Fabio Petagna},
	Bibsource = {DBLP, http://dblp.uni-trier.de},
	Booktitle = {Proceedings of the Fifth International Conference on Innovative Mobile and Internet Services in Ubiquitous Computing, IMIS 2011, Seoul, Korea, June 30-July 02, 2011},
	Date-Modified = {2014-06-01 23:11:49 +0000},
	Editor = {Ilsun You and Leonard Barolli and Feilong Tang and Fatos Xhafa},
	Ee = {http://dx.doi.org/10.1109/IMIS.2011.65},
	Pages = {520-526},
	Title = {{SECR3T}: Secure End-to-End Communication over 3G Telecommunication Networks},
	Year = {2011}}

@inproceedings{DBLP:conf/incos/CastiglioneCS11,
	Author = {Aniello Castiglione and Giuseppe Cattaneo and Alfredo De~Santis},
	Bibsource = {DBLP, http://dblp.uni-trier.de},
	Booktitle = {2011 Third International Conference on Intelligent Networking and Collaborative Systems (INCoS), Fukuoka, Japan, November 30 - Dec. 2, 2011},
	Date-Modified = {2014-06-01 23:12:02 +0000},
	Editor = {Fatos Xhafa and Leonard Barolli and Mario K{\"o}ppen},
	Ee = {http://doi.ieeecomputersociety.org/10.1109/INCoS.2011.17},
	Pages = {679-684},
	Title = {A Forensic Analysis of Images on Online Social Networks},
	Year = {2011}}

@inproceedings{DBLP:conf/incos/AlbanoCCMS11,
	Author = {Pietro Albano and Aniello Castiglione and Giuseppe Cattaneo and Giancarlo De~Maio and Alfredo De~Santis},
	Bibsource = {DBLP, http://dblp.uni-trier.de},
	Booktitle = {2011 Third International Conference on Intelligent Networking and Collaborative Systems (INCoS), Fukuoka, Japan, November 30 - Dec. 2, 2011},
	Date-Modified = {2013-08-04 21:40:42 +0000},
	Editor = {Fatos Xhafa and Leonard Barolli and Mario K{\"o}ppen},
	Ee = {http://doi.ieeecomputersociety.org/10.1109/INCoS.2011.129},
	Pages = {685-690},
	Title = {On the Construction of a False Digital Alibi on the Android OS},
	Year = {2011}}

@inproceedings{DBLP:conf/IEEEares/CastiglioneCPSY12,
	Author = {Aniello Castiglione and Giuseppe Cattaneo and Roberto De~Prisco and Alfredo De~Santis and Kangbin Yim},
	Bibsource = {DBLP, http://dblp.uni-trier.de},
	Booktitle = {CD-ARES},
	Date-Modified = {2014-06-01 23:12:26 +0000},
	Ee = {http://dx.doi.org/10.1007/978-3-642-32498-7_32},
	Pages = {430-444},
	Title = {How to Forge a Digital Alibi on {Mac OS X}},
	Year = {2012}}

@inproceedings{DBLP:conf/imis/CastiglioneCMSCE12,
	Author = {Aniello Castiglione and Giuseppe Cattaneo and Giancarlo De~Maio and Alfredo De~Santis and Gerardo Costabile and Mattia Epifani},
	Bibsource = {DBLP, http://dblp.uni-trier.de},
	Booktitle = {Sixth International Conference on Innovative Mobile and Internet Services in Ubiquitous Computing, IMIS 2012, Palermo, Italy, July 4-6, 2012},
	Date-Modified = {2014-06-01 23:11:24 +0000},
	Editor = {Ilsun You and Leonard Barolli and Antonio Gentile and Hae-Duck Joshua Jeong and Marek R. Ogiela and Fatos Xhafa},
	Ee = {http://doi.ieeecomputersociety.org/10.1109/IMIS.2012.127},
	Pages = {114-121},
	Title = {The Forensic Analysis of a False Digital Alibi},
	Year = {2012}}

@inproceedings{DBLP:conf/imis/CattaneoFP12,
	Author = {Giuseppe Cattaneo and Pompeo Faruolo and Umberto Ferraro~Petrillo},
	Bibsource = {DBLP, http://dblp.uni-trier.de},
	Booktitle = {Sixth International Conference on Innovative Mobile and Internet Services in Ubiquitous Computing, IMIS 2012, Palermo, Italy, July 4-6, 2012},
	Date-Modified = {2014-06-01 23:13:47 +0000},
	Editor = {Ilsun You and Leonard Barolli and Antonio Gentile and Hae-Duck Joshua Jeong and Marek R. Ogiela and Fatos Xhafa},
	Ee = {http://doi.ieeecomputersociety.org/10.1109/IMIS.2012.35},
	Pages = {609-616},
	Title = {Experiments on Improving Sensor Pattern Noise Extraction for Source Camera Identification},
	Year = {2012}}

@article{DBLP:journals/compsec/CastiglioneCCSFPP12,
	Author = {Aniello Castiglione and Giuseppe Cattaneo and Maurizio Cembalo and Alfredo De~Santis and Pompeo Faruolo and Fabio Petagna and Umberto Ferraro~Petrillo},
	Bibsource = {DBLP, http://dblp.uni-trier.de},
	Ee = {http://dx.doi.org/10.1016/j.cose.2012.06.004},
	Journal = {Computers {\&} Security},
	Number = {6},
	Pages = {771-781},
	Title = {Engineering a secure mobile messaging framework},
	Volume = {31},
	Year = {2012}}

@inbook{HSMProxyChap:2012,
	Author = {Giuseppe Cattaneo and Pompeo Faruolo and Ivan Visconti},
	Chapter = {3},
	Date-Added = {2015-04-05 17:34:59 +0000},
	Date-Modified = {2015-04-05 17:39:22 +0000},
	Editor = {Gupta, Manish and Walp, John and Sharman, Raj},
	Ee = {http://dx.doi.org/10.4018/978-1-4666-0978-5.ch003},
	Pages = {53--65},
	Publisher = {IGI Global, Information Science Reference},
	Series = {IGI Book},
	Title = {A Distributed and Secure Architecture for Signature and Decryption Delegation Through Remote Smart Cards},
	Volume = {Threats, Countermeasures, and Advances in Applied Information Security},
	Year = {2012}}

@inproceedings{DBLP:conf/aina/CastiglioneCMS13,
        author={A. {Castiglione} and G. {Cattaneo} and G. {De Maio} and A. {De Santis}},
        booktitle={2013 IEEE 27th International Conference on Advanced Information Networking and Applications (AINA)},
	title={Forensically-Sound Methods to Collect Live Network Evidence},
	year={2013},
	volume={},
	number={},
	pages={405-412},
	doi={10.1109/AINA.2013.133}
}



@article{DBLP:journals/jucs/CattaneoMP13,
	Author = {Giuseppe Cattaneo and Giancarlo De~Maio and Umberto Ferraro~Petrillo},
	Bibsource = {DBLP, http://dblp.uni-trier.de},
	Date-Modified = {2016-02-08 13:48:59 +0000},
	Ee = {http://www.jucs.org/jucs_19_16/security_issues_and_attacks},
	Journal = {J. UCS},
	Number = {16},
	Pages = {2437--2452},
	Title = {Security Issues and Attacks on the {GSM} Standard: a Review},
	Volume = {19},
	Year = {2013}}

@article{IEEEOpenAccess:Alibi13,
	Author = {Aniello Castiglione and Giuseppe Cattaneo and Giancarlo De~Maio and Alfredo De~Santis},
	Ee = {http://dx.doi.org/10.1109/ACCESS.2013.2260817},
	Issn = {2169-3536},
	Journal = {Access, IEEE},
	Pages = {216--231},
	Title = {Automated Production of Predetermined Digital Evidence},
	Volume = {1},
	Year = {2013}}

@article{DBLP:journals/jaihc/CastiglioneCCP13,
	Author = {Aniello Castiglione and Giuseppe Cattaneo and Maurizio Cembalo and Umberto Ferraro Petrillo},
	Bibsource = {dblp computer science bibliography, http://dblp.org},
	Biburl = {http://dblp.uni-trier.de/rec/bib/journals/jaihc/CastiglioneCCP13},
	Doi = {10.1007/s12652-011-0070-2},
	Journal = {J. Ambient Intelligence and Humanized Computing},
	Number = {2},
	Pages = {265--274},
	Timestamp = {Sun, 14 Apr 2013 18:07:20 +0200},
	Title = {Experimentations with source camera identification and Online Social Networks},
	Url = {http://dx.doi.org/10.1007/s12652-011-0070-2},
	Volume = {4},
	Year = {2013},
	Bdsk-Url-1 = {http://dx.doi.org/10.1007/s12652-011-0070-2}}

@inproceedings{DBLP:conf/aina/CarulloCCSFP13,
	Author = {Giuliana Carullo and Aniello Castiglione and Giuseppe Cattaneo and Alfredo De Santis and Ugo Fiore and Francesco Palmieri},
	Bibsource = {dblp computer science bibliography, http://dblp.org},
	Biburl = {http://dblp.uni-trier.de/rec/bib/conf/aina/CarulloCCSFP13},
	Booktitle = {27th {IEEE} International Conference on Advanced Information Networking and Applications, {AINA} 2013, Barcelona, Spain, March 25-28, 2013},
	Doi = {10.1109/AINA.2013.100},
	Isbn = {978-1-4673-5550-6},
	Pages = {1113--1120},
	Publisher = {{IEEE} Computer Society},
	Timestamp = {Tue, 16 Sep 2014 18:00:22 +0200},
	Title = {FeelTrust: Providing Trustworthy Communications in Ubiquitous Mobile Environment},
	Url = {http://dx.doi.org/10.1109/AINA.2013.100},
	Year = {2013},
	Bdsk-Url-1 = {http://dx.doi.org/10.1109/AINA.2013.100}}

@proceedings{DBLP:conf/aina/2013,
	Bibsource = {dblp computer science bibliography, http://dblp.org},
	Biburl = {http://dblp.uni-trier.de/rec/bib/conf/aina/2013},
	Editor = {Leonard Barolli and Fatos Xhafa and Makoto Takizawa and Tomoya Enokido and Hui{-}Huang Hsu},
	Isbn = {978-1-4673-5550-6},
	Publisher = {{IEEE} Computer Society},
	Timestamp = {Mon, 15 Sep 2014 17:23:23 +0200},
	Title = {27th {IEEE} International Conference on Advanced Information Networking and Applications, {AINA} 2013, Barcelona, Spain, March 25-28, 2013},
	Url = {http://ieeexplore.ieee.org/xpl/mostRecentIssue.jsp?punumber=6512431},
	Year = {2013},
	Bdsk-Url-1 = {http://ieeexplore.ieee.org/xpl/mostRecentIssue.jsp?punumber=6512431}}

@inproceedings{DBLP:conf/ict-eurasia/CattaneoMFP13,
	Author = {Giuseppe Cattaneo and Giancarlo De Maio and Pompeo Faruolo and Umberto Ferraro Petrillo},
	Bibsource = {dblp computer science bibliography, http://dblp.org},
	Biburl = {http://dblp.uni-trier.de/rec/bib/conf/ict-eurasia/CattaneoMFP13},
	Booktitle = {Information and Communicatiaon Technology - International Conference, ICT-EurAsia 2013, Yogyakarta, Indonesia, March 25-29, 2013. Proceedings},
	Doi = {10.1007/978-3-642-36818-9_58},
	Pages = {507--512},
	Timestamp = {Wed, 05 Nov 2014 19:59:14 +0100},
	Title = {A Review of Security Attacks on the {GSM} Standard},
	Url = {http://dx.doi.org/10.1007/978-3-642-36818-9_58},
	Year = {2013},
	Bdsk-Url-1 = {http://dx.doi.org/10.1007/978-3-642-36818-9_58}}

@inproceedings{DBLP:conf/aina/CattaneoRP14,
	Author = {Giuseppe Cattaneo and Gianluca Roscigno and Umberto Ferraro Petrillo},
	Bibsource = {dblp computer science bibliography, http://dblp.org},
	Biburl = {http://dblp.uni-trier.de/rec/bib/conf/aina/CattaneoRP14},
	Booktitle = {28th {IEEE} International Conference on Advanced Information Networking and Applications, {AINA} 2014, Victoria, BC, Canada, May 13-16, 2014},
	Doi = {10.1109/AINA.2014.47},
	Pages = {366--373},
	Timestamp = {Tue, 16 Sep 2014 18:00:32 +0200},
	Title = {A Scalable Approach to Source Camera Identification over Hadoop},
	Url = {http://dx.doi.org/10.1109/AINA.2014.47},
	Year = {2014},
	Bdsk-Url-1 = {http://dx.doi.org/10.1109/AINA.2014.47}}

@proceedings{DBLP:conf/aina/2014,
	Bibsource = {dblp computer science bibliography, http://dblp.org},
	Biburl = {http://dblp.uni-trier.de/rec/bib/conf/aina/2014},
	Editor = {Leonard Barolli and Kin Fun Li and Tomoya Enokido and Fatos Xhafa and Makoto Takizawa},
	Publisher = {{IEEE} Computer Society},
	Timestamp = {Mon, 15 Sep 2014 17:23:22 +0200},
	Title = {28th {IEEE} International Conference on Advanced Information Networking and Applications, {AINA} 2014, Victoria, BC, Canada, May 13-16, 2014},
	Url = {http://ieeexplore.ieee.org/xpl/mostRecentIssue.jsp?punumber=6835111},
	Year = {2014},
	Bdsk-Url-1 = {http://ieeexplore.ieee.org/xpl/mostRecentIssue.jsp?punumber=6835111}}

@inproceedings{DBLP:conf/ict-eurasia/CattaneoRP14,
	Author = {Giuseppe Cattaneo and Gianluca Roscigno and Umberto Ferraro Petrillo},
	Bibsource = {dblp computer science bibliography, http://dblp.org},
	Biburl = {http://dblp.uni-trier.de/rec/bib/conf/ict-eurasia/CattaneoRP14},
	Booktitle = {Information and Communication Technology - Second {IFIP} {TC5/8} International Conference, ICT-EurAsia 2014, Bali, Indonesia, April 14-17, 2014. Proceedings},
	Date-Modified = {2016-02-04 15:53:34 +0000},
	Doi = {10.1007/978-3-642-55032-4_66},
	Isbn = {978-3-642-55031-7},
	Pages = {643--652},
	Publisher = {Springer},
	Series = {Lecture Notes in Computer Science},
	Timestamp = {Mon, 13 Oct 2014 13:17:47 +0200},
	Title = {Experimental Evaluation of an Algorithm for the Detection of Tampered {JPEG} Images},
	Url = {http://dx.doi.org/10.1007/978-3-642-55032-4_66},
	Year = {2014},
	Bdsk-Url-1 = {http://dx.doi.org/10.1007/978-3-642-55032-4_66}}

@proceedings{DBLP:conf/ict-eurasia/2014,
	Bibsource = {dblp computer science bibliography, http://dblp.org},
	Biburl = {http://dblp.uni-trier.de/rec/bib/conf/ict-eurasia/2014},
	Doi = {10.1007/978-3-642-55032-4},
	Editor = {Linawati and Made Sudiana Mahendra and Erich J. Neuhold and A Min Tjoa and Ilsun You},
	Isbn = {978-3-642-55031-7},
	Publisher = {Springer},
	Series = {Lecture Notes in Computer Science},
	Timestamp = {Mon, 13 Oct 2014 13:17:47 +0200},
	Title = {Information and Communication Technology - Second {IFIP} {TC5/8} International Conference, ICT-EurAsia 2014, Bali, Indonesia, April 14-17, 2014. Proceedings},
	Url = {http://dx.doi.org/10.1007/978-3-642-55032-4},
	Volume = {8407},
	Year = {2014},
	Bdsk-Url-1 = {http://dx.doi.org/10.1007/978-3-642-55032-4}}

@inproceedings{DBLP:conf/nbis/CattaneoR14,
	Author = {Giuseppe Cattaneo and Gianluca Roscigno},
	Bibsource = {dblp computer science bibliography, http://dblp.org},
	Biburl = {http://dblp.uni-trier.de/rec/bib/conf/nbis/CattaneoR14},
	Booktitle = {17th International Conference on Network-Based Information Systems, NBiS 2014, Salerno, Italy, September 10-12, 2014},
	Doi = {10.1109/NBiS.2014.82},
	Isbn = {978-1-4799-4224-4},
	Pages = {279--286},
	Timestamp = {Mon, 23 Nov 2015 16:44:37 +0100},
	Title = {A Possible Pitfall in the Experimental Analysis of Tampering Detection Algorithms},
	Url = {http://dx.doi.org/10.1109/NBiS.2014.82},
	Year = {2014},
	Bdsk-Url-1 = {http://dx.doi.org/10.1109/NBiS.2014.82}}

@proceedings{DBLP:conf/nbis/2014,
	Bibsource = {dblp computer science bibliography, http://dblp.org},
	Biburl = {http://dblp.uni-trier.de/rec/bib/conf/nbis/2014},
	Editor = {Leonard Barolli and Fatos Xhafa and Makoto Takizawa and Tomoya Enokido and Aniello Castiglione and Alfredo De Santis},
	Isbn = {978-1-4799-4224-4},
	Publisher = {{IEEE} Computer Society},
	Timestamp = {Mon, 23 Nov 2015 15:40:54 +0100},
	Title = {17th International Conference on Network-Based Information Systems, NBiS 2014, Salerno, Italy, September 10-12, 2014},
	Url = {http://ieeexplore.ieee.org/xpl/mostRecentIssue.jsp?punumber=7021861},
	Year = {2014},
	Bdsk-Url-1 = {http://ieeexplore.ieee.org/xpl/mostRecentIssue.jsp?punumber=7021861}}

@article{Bioinformation:GRIMD14,
	Author = {Stefano Piotto and Aniello Castiglione and Giuseppe Cattaneo and Luigi De~Biasi and Simona Concilio},
	Date-Modified = {2016-02-08 13:40:09 +0000},
	Ee = {http://dx.doi.org/10.6026/97320630010043},
	Journal = {{BioInformation}},
	Number = {1},
	Title = {{GRIMD}: distributed computing for chemists and biologists},
	Volume = {10},
	Year = {2014}}

@inproceedings{DBLP:conf/acivs/CattaneoPRF15,
	Author = {Giuseppe Cattaneo and Umberto Ferraro Petrillo and Gianluca Roscigno and Carmine De Fusco},
	Bibsource = {dblp computer science bibliography, http://dblp.org},
	Biburl = {http://dblp.uni-trier.de/rec/bib/conf/acivs/CattaneoPRF15},
	Booktitle = {Advanced Concepts for Intelligent Vision Systems - 16th International Conference, {ACIVS} 2015, Catania, Italy, October 26-29, 2015, Proceedings},
	Date-Modified = {2016-02-08 13:41:35 +0000},
	Doi = {10.1007/978-3-319-25903-1_42},
	Isbn = {978-3-319-25902-4},
	Pages = {486--498},
	Timestamp = {Fri, 09 Oct 2015 10:13:20 +0200},
	Title = {A {PNU}-Based Technique to Detect Forged Regions in Digital Images},
	Url = {http://dx.doi.org/10.1007/978-3-319-25903-1_42},
	Year = {2015},
	Bdsk-Url-1 = {http://dx.doi.org/10.1007/978-3-319-25903-1_42}}

@proceedings{DBLP:conf/acivs/2015,
	Bibsource = {dblp computer science bibliography, http://dblp.org},
	Biburl = {http://dblp.uni-trier.de/rec/bib/conf/acivs/2015},
	Doi = {10.1007/978-3-319-25903-1},
	Editor = {Sebastiano Battiato and Jacques Blanc{-}Talon and Giovanni Gallo and Wilfried Philips and Dan C. Popescu and Paul Scheunders},
	Isbn = {978-3-319-25902-4},
	Publisher = {Springer},
	Series = {Lecture Notes in Computer Science},
	Timestamp = {Fri, 09 Oct 2015 10:13:20 +0200},
	Title = {Advanced Concepts for Intelligent Vision Systems - 16th International Conference, {ACIVS} 2015, Catania, Italy, October 26-29, 2015, Proceedings},
	Url = {http://dx.doi.org/10.1007/978-3-319-25903-1},
	Volume = {9386},
	Year = {2015},
	Bdsk-Url-1 = {http://dx.doi.org/10.1007/978-3-319-25903-1}}

@inproceedings{DBLP:conf/icppw/CattaneoPGR15,
	Author = {Giuseppe Cattaneo and Umberto Ferraro Petrillo and Raffaele Giancarlo and Gianluca Roscigno},
	Bibsource = {dblp computer science bibliography, http://dblp.org},
	Biburl = {http://dblp.uni-trier.de/rec/bib/conf/icppw/CattaneoPGR15},
	Booktitle = {44th International Conference on Parallel Processing Workshops, {ICPPW} 2015, Beijing, China, September 1-4, 2015},
	Doi = {10.1109/ICPPW.2015.28},
	Isbn = {978-1-4673-7589-4},
	Pages = {184--192},
	Timestamp = {Thu, 31 Dec 2015 18:15:13 +0100},
	Title = {Alignment-Free Sequence Comparison over Hadoop for Computational Biology},
	Url = {http://dx.doi.org/10.1109/ICPPW.2015.28},
	Year = {2015},
	Bdsk-Url-1 = {http://dx.doi.org/10.1109/ICPPW.2015.28}}

@proceedings{DBLP:conf/icppw/2015,
	Bibsource = {dblp computer science bibliography, http://dblp.org},
	Biburl = {http://dblp.uni-trier.de/rec/bib/conf/icppw/2015},
	Isbn = {978-1-4673-7589-4},
	Publisher = {{IEEE} Computer Society},
	Timestamp = {Fri, 18 Dec 2015 10:20:48 +0100},
	Title = {44th International Conference on Parallel Processing Workshops, {ICPPW} 2015, Beijing, China, September 1-4, 2015},
	Url = {http://ieeexplore.ieee.org/xpl/mostRecentIssue.jsp?punumber=7349844},
	Year = {2015},
	Bdsk-Url-1 = {http://ieeexplore.ieee.org/xpl/mostRecentIssue.jsp?punumber=7349844}}

@inproceedings{DBLP:conf/imis/CattaneoCPR15,
	Author = {Giuseppe Cattaneo and Luigi Catuogno and Fabio Petagna and Gianluca Roscigno},
	Bibsource = {dblp computer science bibliography, http://dblp.org},
	Biburl = {http://dblp.uni-trier.de/rec/bib/conf/imis/CattaneoCPR15},
	Booktitle = {9th International Conference on Innovative Mobile and Internet Services in Ubiquitous Computing, {IMIS} 2015, Santa Cantarina, Brazil, July 8-10, 2015},
	Date-Modified = {2016-02-08 16:55:35 +0000},
	Doi = {10.1109/IMIS.2015.20},
	Isbn = {978-1-4799-8873-0},
	Pages = {101--108},
	Timestamp = {Mon, 12 Oct 2015 11:40:39 +0200},
	Title = {Reliable Voice-Based Transactions over {VoIP} Communications},
	Url = {http://dx.doi.org/10.1109/IMIS.2015.20},
	Year = {2015},
	Bdsk-Url-1 = {http://dx.doi.org/10.1109/IMIS.2015.20}}

@proceedings{DBLP:conf/imis/2015,
	Bibsource = {dblp computer science bibliography, http://dblp.org},
	Biburl = {http://dblp.uni-trier.de/rec/bib/conf/imis/2015},
	Editor = {Leonard Barolli and Francesco Palmieri and Helio Dos Santos Silva and Hsing{-}Chung Chen},
	Isbn = {978-1-4799-8873-0},
	Publisher = {{IEEE}},
	Timestamp = {Mon, 12 Oct 2015 11:23:34 +0200},
	Title = {9th International Conference on Innovative Mobile and Internet Services in Ubiquitous Computing, {IMIS} 2015, Santa Cantarina, Brazil, July 8-10, 2015},
	Url = {http://ieeexplore.ieee.org/xpl/mostRecentIssue.jsp?punumber=7282217},
	Year = {2015},
	Bdsk-Url-1 = {http://ieeexplore.ieee.org/xpl/mostRecentIssue.jsp?punumber=7282217}}
