@article{cattaneo2008,
    author={CATTANEO G. and DE SANTIS A and FERRARO PETRILLO U},
    issn={1045-926X},
    journal={JOURNAL OF VISUAL LANGUAGES AND COMPUTING},
    note={Sottomesso il 10 Dic. 2005},
    pages={258--290},
    title={Visualization of Cryptographic Protocols with GRACE},
    volume=19,
    year=2008,
}
@inproceedings{cattaneo2003,
    author={CATTANEO G. and CATUOGNO L and FERRARO PETRILLO U and VISCONTI I},
    location={Catania, Italy},
    month={07 November  },
    pages={975--988},
    title={A Lightweight Security Model for Wbem},
    volume=2889,
    year=2003,
}
@inproceedings{cattaneo2003-1,
    author={CATTANEO G. and CILARDO A and MAZZEO A and ROMANO L and SAGGESE G.P},
    location={Catania, Italy},
    month={07 November },
    pages={960--974},
    title={Using Web Services Technology for Inter-enterprise Integration of Digital Time Stamping},
    volume=2889,
    year=2003,
}
@inproceedings{cattaneo2004,
    author={CATTANEO G. and FARUOLO P and FERRARO PETRILLO U},
    location={Lecce},
    month={7-10 Settembre },
    pages={112--124},
    title={A New Framework for Experimental Study of Graph Algorithms},
    year=2004,
}
@inproceedings{cattaneo2004-1,
    author={CATTANEO G. and FARUOLO P and FERRARO PETRILLO U and ITALIANO G.F},
    location={Roma},
    month={26-29 Settembre },
    pages={41--43},
    title={JIVE:Java Interactive Software Visualization Environment},
    year=2004,
}
@inproceedings{cattaneo2004-2,
    author={CATTANEO G. and FARUOLO P and FERRARO PETRILLO U and PERSIANO G},
    location={San Diego - USA},
    month={6-9 Luglio },
    pages={163--173},
    title={Providing Privacy for Web Services by Anonymous Group Identification},
    year=2004,
}
@inproceedings{cattaneo2006,
    address={WALLDORF -- DEU},
    author={A. CASTIGLIONE and CATTANEO G. and F. PETAGNA and U. FERRARO PETRILLO},
    booktitle={Conference on Information Security Solutions Europe (ISSE 2006)},
    location={Roma},
    month={10-12 ottobre },
    pages={287--297},
    publisher={Prf. Dr. Sachar Paulus},
    title={SPEECH: Secure Personal End-to-End Communication with Handheld},
    year=2006,
}
@inproceedings{cattaneo2007,
    author={CATTANEO G. and CATUOGNO L and PETAGNA F and DI MATTEO G and L. ROMANO},
    booktitle={The 2007 International Workshop on Secure and Multimodal Pervasive Environments},
    location={Nice (FR)},
    month={September 17, },
    pages={112--124},
    title={iToken: a Wireless Smart Card Reader which Provides Handhelds with Desk Top Equivalent Security},
    year=2007,
}
