Scopus
EXPORT DATE: 19 August 2010

@CONFERENCE{De Santis2010843,
author={De Santis, A., Castiglione, A., Cattaneo, G., Cembalo, M., Petagna, F., Petrillo, U.F.},
title={An extensible framework for efficient secure SMS},
journal={CISIS 2010 - The 4th International Conference on Complex, Intelligent and Software Intensive Systems},
year={2010},
pages={843-850},
art_number={5447495},
note={cited By (since 1996) 0},
url={http://www.scopus.com/inward/record.url?eid=2-s2.0-77952715421&partnerID=40&md5=729b0ddfc99ec19fe00fe4e03ac72a69},
document_type={Conference Paper},
source={Scopus},
}

@ARTICLE{Cattaneo2010404,
author={Cattaneo, G., Faruolo, P., Petrillo, U.F., Italiano, G.F.},
title={Maintaining dynamic minimum spanning trees: An experimental study},
journal={Discrete Applied Mathematics},
year={2010},
volume={158},
number={5},
pages={404-425},
note={cited By (since 1996) 0},
url={http://www.scopus.com/inward/record.url?eid=2-s2.0-75449096146&partnerID=40&md5=87a77fd43b2058dfb774748cbc29ed68},
document_type={Article},
source={Scopus},
}

@CONFERENCE{Cattaneo2009,
author={Cattaneo, G., De Santis, A., Petrillo, U.F.},
title={DISCERN: A collaborative visualization system for learning cryptographic protocols},
journal={2009 5th International Conference on Collaborative Computing: Networking, Applications and Worksharing, CollaborateCom 2009},
year={2009},
art_number={5362788},
note={cited By (since 1996) 0},
url={http://www.scopus.com/inward/record.url?eid=2-s2.0-76349092717&partnerID=40&md5=804fd5556aebb33e384769fc6d06e7a9},
document_type={Conference Paper},
source={Scopus},
}

@ARTICLE{Castiglione200962,
author={Castiglione, A., Cattaneo, G., Cembalo, M., Faruolo, P., Ferraro Petrillo, U.},
title={A multi-scheme and multi-channel framework for micropayment systems},
journal={Lecture Notes in Computer Science (including subseries Lecture Notes in Artificial Intelligence and Lecture Notes in Bioinformatics)},
year={2009},
volume={5692 LNCS},
pages={62-71},
note={cited By (since 1996) 0},
url={http://www.scopus.com/inward/record.url?eid=2-s2.0-70350517416&partnerID=40&md5=fa2cc30db33fae82c8c381501999e0af},
document_type={Conference Paper},
source={Scopus},
}

@ARTICLE{Cattaneo2008258,
author={Cattaneo, G., De Santis, A., Ferraro Petrillo, U.},
title={Visualization of cryptographic protocols with GRACE},
journal={Journal of Visual Languages and Computing},
year={2008},
volume={19},
number={2},
pages={258-290},
note={cited By (since 1996) 7},
url={http://www.scopus.com/inward/record.url?eid=2-s2.0-40649088061&partnerID=40&md5=c226b150bb64623c116ace493cdeeb0b},
document_type={Article},
source={Scopus},
}

@CONFERENCE{Cattaneo200798,
author={Cattaneo, G., Catuogno, L., Petagna, F., Matteo, G.D., Romano, L.},
title={iToken: A wireless smart card reader which provides handhelds with desk top equivalent security},
journal={Proceedings of the 3rd International Conference on Security and Privacy in Communication Networks, SecureComm},
year={2007},
pages={98-106},
art_number={4550315},
note={cited By (since 1996) 0},
url={http://www.scopus.com/inward/record.url?eid=2-s2.0-51349133714&partnerID=40&md5=7a7abfed0a09fb4378aa36f1c72decb6},
document_type={Conference Paper},
source={Scopus},
}

@CONFERENCE{Cattaneo200441,
author={Cattaneo, G., Faruolo, P., Petrillo, U.F., Italiano, G.F.},
title={JIVE: Java interactive software Visualization Environment},
journal={Proceedings - 2004 IEEE Symposium on Visual Languages and Human Centric Computing},
year={2004},
pages={41-43},
note={cited By (since 1996) 2},
url={http://www.scopus.com/inward/record.url?eid=2-s2.0-16244421098&partnerID=40&md5=dd3141416727acb1af560474156e14b7},
document_type={Conference Paper},
source={Scopus},
}

@CONFERENCE{Cattaneo2004166,
author={Cattaneo, G., Faruolo, P., Petrillo, U.F., Persiano, G.},
title={Providing privacy for web services by anonymous group identification},
journal={Proceedings - IEEE International Conference on Web Services},
year={2004},
pages={166-173},
note={cited By (since 1996) 1},
url={http://www.scopus.com/inward/record.url?eid=2-s2.0-4544319327&partnerID=40&md5=0a132a867bb49cbb46abbd80deb830a7},
document_type={Conference Paper},
source={Scopus},
}

@ARTICLE{Cattaneo2003975,
author={Cattaneo, G., Catuogno, L., Petrillo, U.F., Visconti, I.},
title={A lightweight security model for WBEM},
journal={Lecture Notes in Computer Science (including subseries Lecture Notes in Artificial Intelligence and Lecture Notes in Bioinformatics)},
year={2003},
volume={2889},
pages={975-988},
note={cited By (since 1996) 0},
url={http://www.scopus.com/inward/record.url?eid=2-s2.0-0242543312&partnerID=40&md5=94aa3e0b4c9bcd4edbfe2b2b58e3f618},
document_type={Article},
source={Scopus},
}

@ARTICLE{Cattaneo2002391,
author={Cattaneo, G., Italiano, G.F., Ferraro-Petrillo, U.},
title={CATAI: Concurrent algorithms and data types animation over the internet},
journal={Journal of Visual Languages and Computing},
year={2002},
volume={13},
number={4},
pages={391-419},
note={cited By (since 1996) 3},
url={http://www.scopus.com/inward/record.url?eid=2-s2.0-0036700595&partnerID=40&md5=f88aaa8e85347425fadbd51aa3be7bdf},
document_type={Article},
source={Scopus},
}

@CONFERENCE{Amato1997316,
author={Amato, Giuseppe, Cattaneo, Giuseppe, Italiano, Giuseppe F.},
title={Experimental analysis of dynamic minimum spanning tree algorithms},
journal={Proceedings of the Annual ACM-SIAM Symposium on Discrete Algorithms},
year={1997},
pages={316-323},
note={cited By (since 1996) 1},
url={http://www.scopus.com/inward/record.url?eid=2-s2.0-0030835061&partnerID=40&md5=de6cebcc0e61ce02ada9f64e8fcc1bfc},
document_type={Conference Paper},
source={Scopus},
}

@CONFERENCE{Loia1992394,
author={Loia, Vincenzo, Cattaneo, Giuseppe, Quaggetto, Michel},
title={Incremental, high level implementation of Prolog in an open system framework},
journal={Proceedings of the 4th International Conference on Software Engineering and Knowledge Engineering},
year={1992},
pages={394-403},
note={cited By (since 1996) 1},
url={http://www.scopus.com/inward/record.url?eid=2-s2.0-0026956716&partnerID=40&md5=a0fe28d0db5261be52e2f6bca625dc40},
document_type={Conference Paper},
source={Scopus},
}
