Scopus
EXPORT DATE: 21 March 2017

@ARTICLE{Cattaneo2016,
author={Cattaneo, G. and Roscigno, G. and Ferraro Petrillo, U.},
title={Improving the experimental analysis of tampered image detection algorithms for biometric systems},
journal={Pattern Recognition Letters},
year={2016},
doi={10.1016/j.patrec.2017.01.006},
note={cited By 0; Article in Press},
url={https://www.scopus.com/inward/record.uri?eid=2-s2.0-85009806802&doi=10.1016%2fj.patrec.2017.01.006&partnerID=40&md5=d618df3d0a2efe54e25507cf164d62d8},
document_type={Article in Press},
source={Scopus},
}

@ARTICLE{Cattaneo20161,
author={Cattaneo, G. and Petrillo, U.F. and Giancarlo, R. and Roscigno, G.},
title={An effective extension of the applicability of alignment-free biological sequence comparison algorithms with Hadoop},
journal={Journal of Supercomputing},
year={2016},
pages={1-17},
doi={10.1007/s11227-016-1835-3},
note={cited By 0; Article in Press},
url={https://www.scopus.com/inward/record.uri?eid=2-s2.0-84981186252&doi=10.1007%2fs11227-016-1835-3&partnerID=40&md5=2ecba1fd20efb56a5aea9f63f23bf402},
document_type={Article in Press},
source={Scopus},
}

@ARTICLE{Cattaneo2016735,
author={Cattaneo, G. and Roscigno, G. and Bruno, A.},
title={Using PNU-based techniques to detect alien frames in videos},
journal={Lecture Notes in Computer Science (including subseries Lecture Notes in Artificial Intelligence and Lecture Notes in Bioinformatics)},
year={2016},
volume={10016 LNCS},
pages={735-746},
doi={10.1007/978-3-319-48680-2_64},
note={cited By 0},
url={https://www.scopus.com/inward/record.uri?eid=2-s2.0-84994410824&doi=10.1007%2f978-3-319-48680-2_64&partnerID=40&md5=059b86bb0f5c2e2f309895799296297a},
document_type={Conference Paper},
source={Scopus},
}

@ARTICLE{Cattaneo2016315,
author={Cattaneo, G. and Catuogno, L. and Petagna, F. and Roscigno, G.},
title={Ensuring non-repudiation in human conversations over VoIP communications},
journal={International Journal of Communication Networks and Distributed Systems},
year={2016},
volume={16},
number={4},
pages={315-334},
doi={10.1504/IJCNDS.2016.077664},
note={cited By 0},
url={https://www.scopus.com/inward/record.uri?eid=2-s2.0-84992388300&doi=10.1504%2fIJCNDS.2016.077664&partnerID=40&md5=be0248f27913b37b0f37ed7232aa2ab8},
document_type={Article},
source={Scopus},
}

@ARTICLE{DiBiasi201665,
author={Di Biasi, L. and Fino, R. and Parisi, R. and Sessa, L. and Cattaneo, G. and De Santis, A. and Iannelli, P. and Piotto, S.},
title={Novel algorithm for efficient distribution of molecular docking calculations},
journal={Communications in Computer and Information Science},
year={2016},
volume={587},
pages={65-74},
doi={10.1007/978-3-319-32695-5_6},
note={cited By 0},
url={https://www.scopus.com/inward/record.uri?eid=2-s2.0-84964502561&doi=10.1007%2f978-3-319-32695-5_6&partnerID=40&md5=568724188a5425039f545945fec1dd66},
document_type={Conference Paper},
source={Scopus},
}

@ARTICLE{Sessa2016117,
author={Sessa, L. and Biasi, L.D. and Concilio, S. and Cattaneo, G. and De Santis, A. and Iannelli, P. and Piotto, S.},
title={A new flexible protocol for docking studies},
journal={Communications in Computer and Information Science},
year={2016},
volume={587},
pages={117-126},
doi={10.1007/978-3-319-32695-5_11},
note={cited By 0},
url={https://www.scopus.com/inward/record.uri?eid=2-s2.0-84964483882&doi=10.1007%2f978-3-319-32695-5_11&partnerID=40&md5=05212955cdaa638782e545053e43b05c},
document_type={Conference Paper},
source={Scopus},
}

@CONFERENCE{Cattaneo2015184,
author={Cattaneo, G. and Petrillo, U.F. and Giancarlo, R. and Roscigno, G.},
title={Alignment-Free Sequence Comparison over Hadoop for Computational Biology},
journal={Proceedings of the International Conference on Parallel Processing Workshops},
year={2015},
volume={2015-January},
pages={184-192},
doi={10.1109/ICPPW.2015.28},
art_number={7349910},
note={cited By 0},
url={https://www.scopus.com/inward/record.uri?eid=2-s2.0-84954540023&doi=10.1109%2fICPPW.2015.28&partnerID=40&md5=96bb26f75639de30de6131e36bcb8ea0},
document_type={Conference Paper},
source={Scopus},
}

@CONFERENCE{Cattaneo2015101,
author={Cattaneo, G. and Catuogno, L. and Petagna, F. and Roscigno, G.},
title={Reliable Voice-Based Transactions over VoIP Communications},
journal={Proceedings - 2015 9th International Conference on Innovative Mobile and Internet Services in Ubiquitous Computing, IMIS 2015},
year={2015},
pages={101-108},
doi={10.1109/IMIS.2015.20},
art_number={7284934},
note={cited By 1},
url={https://www.scopus.com/inward/record.uri?eid=2-s2.0-84959312921&doi=10.1109%2fIMIS.2015.20&partnerID=40&md5=beb253600eac58b540839415c5df8241},
document_type={Conference Paper},
source={Scopus},
}

@ARTICLE{Cattaneo2015486,
author={Cattaneo, G. and Petrillo, U.F. and Roscigno, G. and De Fusco, C.},
title={A PNU-based technique to detect forged regions in digital images},
journal={Lecture Notes in Computer Science (including subseries Lecture Notes in Artificial Intelligence and Lecture Notes in Bioinformatics)},
year={2015},
volume={9386},
pages={486-498},
doi={10.1007/978-3-319-25903-1_42},
note={cited By 1},
url={https://www.scopus.com/inward/record.uri?eid=2-s2.0-84949294802&doi=10.1007%2f978-3-319-25903-1_42&partnerID=40&md5=ede836a07f78eec7e6ac991f3f88b162},
document_type={Book Chapter},
source={Scopus},
}

@CONFERENCE{Cattaneo2014279,
author={Cattaneo, G. and Roscigno, G.},
title={A possible pitfall in the experimental analysis of tampering detection algorithms},
journal={Proceedings - 2014 International Conference on Network-Based Information Systems, NBiS 2014},
year={2014},
pages={279-286},
doi={10.1109/NBiS.2014.82},
art_number={7023965},
note={cited By 5},
url={https://www.scopus.com/inward/record.uri?eid=2-s2.0-84923972896&doi=10.1109%2fNBiS.2014.82&partnerID=40&md5=60e4dc1dcbe629aa3bbfa1bbe4d96f39},
document_type={Conference Paper},
source={Scopus},
}

@ARTICLE{Cattaneo2014643,
author={Cattaneo, G. and Roscigno, G. and Ferraro Petrillo, U.},
title={Experimental evaluation of an algorithm for the detection of tampered JPEG images},
journal={Lecture Notes in Computer Science (including subseries Lecture Notes in Artificial Intelligence and Lecture Notes in Bioinformatics)},
year={2014},
volume={8407 LNCS},
pages={643-652},
doi={10.1007/978-3-642-55032-4_66},
note={cited By 5},
url={https://www.scopus.com/inward/record.uri?eid=2-s2.0-84900797714&doi=10.1007%2f978-3-642-55032-4_66&partnerID=40&md5=037aa06b5dccaeb7990d2b6247eab963},
document_type={Conference Paper},
source={Scopus},
}

@CONFERENCE{Cattaneo2014366,
author={Cattaneo, G. and Roscigno, G. and Petrillo, U.F.},
title={A scalable approach to source camera identification over Hadoop},
journal={Proceedings - International Conference on Advanced Information Networking and Applications, AINA},
year={2014},
pages={366-373},
doi={10.1109/AINA.2014.47},
art_number={6838688},
note={cited By 8},
url={https://www.scopus.com/inward/record.uri?eid=2-s2.0-84903836030&doi=10.1109%2fAINA.2014.47&partnerID=40&md5=fc887851960602069dedec359c5a15e5},
document_type={Conference Paper},
source={Scopus},
}

@ARTICLE{Cattaneo20132437,
author={Cattaneo, G. and de Maio, G. and Ferraro Petrillo, U.},
title={Security issues and attacks on the GSM standard: A review},
journal={Journal of Universal Computer Science},
year={2013},
volume={19},
number={16},
pages={2437-2452},
note={cited By 4},
url={https://www.scopus.com/inward/record.uri?eid=2-s2.0-84892595621&partnerID=40&md5=6e3f388df8ac2600d5075b1035a64f34},
document_type={Article},
source={Scopus},
}

@CONFERENCE{You2013,
author={You, I. and Catuogno, L. and Castiglione, A. and Cattaneo, G.},
title={On asynchronous enforcement of security policies in 'Nomadic' storage facilities},
journal={IEEE International Symposium on Industrial Electronics},
year={2013},
doi={10.1109/ISIE.2013.6563880},
art_number={6563880},
note={cited By 3},
url={https://www.scopus.com/inward/record.uri?eid=2-s2.0-84881638426&doi=10.1109%2fISIE.2013.6563880&partnerID=40&md5=e47f415a794a7ce91b566803cf5e661b},
document_type={Conference Paper},
source={Scopus},
}

@CONFERENCE{Castiglione2013405,
author={Castiglione, A. and Cattaneo, G. and De Maio, G. and De Santis, A.},
title={Forensically-sound methods to collect live network evidence},
journal={Proceedings - International Conference on Advanced Information Networking and Applications, AINA},
year={2013},
pages={405-412},
doi={10.1109/AINA.2013.133},
art_number={6531784},
note={cited By 2},
url={https://www.scopus.com/inward/record.uri?eid=2-s2.0-84881066297&doi=10.1109%2fAINA.2013.133&partnerID=40&md5=4324d227c46aa80ed32e9f140276ae99},
document_type={Conference Paper},
source={Scopus},
}

@CONFERENCE{Carullo20131113,
author={Carullo, G. and Castiglione, A. and Cattaneo, G. and De Santis, A. and Fiore, U. and Palmieri, F.},
title={FeelTrust: Providing trustworthy communications in Ubiquitous Mobile environment},
journal={Proceedings - International Conference on Advanced Information Networking and Applications, AINA},
year={2013},
pages={1113-1120},
doi={10.1109/AINA.2013.100},
art_number={6531877},
note={cited By 19},
url={https://www.scopus.com/inward/record.uri?eid=2-s2.0-84881034863&doi=10.1109%2fAINA.2013.100&partnerID=40&md5=23b4505dc0b01870ffb77324ac28c23f},
document_type={Conference Paper},
source={Scopus},
}

@ARTICLE{Castiglione2013265,
author={Castiglione, A. and Cattaneo, G. and Cembalo, M. and Ferraro Petrillo, U.},
title={Experimentations with source camera identification and Online Social Networks},
journal={Journal of Ambient Intelligence and Humanized Computing},
year={2013},
volume={4},
number={2},
pages={265-274},
doi={10.1007/s12652-011-0070-2},
note={cited By 9},
url={https://www.scopus.com/inward/record.uri?eid=2-s2.0-84867694774&doi=10.1007%2fs12652-011-0070-2&partnerID=40&md5=744a9ad0279d9338a8f477c252abf29f},
document_type={Article},
source={Scopus},
}

@ARTICLE{Cattaneo2013507,
author={Cattaneo, G. and De Maio, G. and Faruolo, P. and Petrillo, U.F.},
title={A review of security attacks on the GSM standard},
journal={Lecture Notes in Computer Science (including subseries Lecture Notes in Artificial Intelligence and Lecture Notes in Bioinformatics)},
year={2013},
volume={7804 LNCS},
pages={507-512},
doi={10.1007/978-3-642-36818-9_58},
note={cited By 2},
url={https://www.scopus.com/inward/record.uri?eid=2-s2.0-84875208332&doi=10.1007%2f978-3-642-36818-9_58&partnerID=40&md5=42b557ccde91208aeee3ff5140b4f097},
document_type={Conference Paper},
source={Scopus},
}

@ARTICLE{Castiglione2013216,
author={Castiglione, A. and Cattaneo, G. and De Maio, G. and De Santis, A.},
title={Automated production of predetermined digital evidence},
journal={IEEE Access},
year={2013},
volume={1},
pages={216-231},
doi={10.1109/ACCESS.2013.2260817},
art_number={6514969},
note={cited By 3},
url={https://www.scopus.com/inward/record.uri?eid=2-s2.0-84892851834&doi=10.1109%2fACCESS.2013.2260817&partnerID=40&md5=e5246c51d2d9042e66125e6f7ba6a055},
document_type={Article},
source={Scopus},
}

@CONFERENCE{Castiglione2012,
author={Castiglione, A. and Cattaneo, G. and Catuogno, L. and Cerrelli, E. and Di Giampaolo, C. and Marino, F. and Rotondo, R.},
title={Virtual lab: A concrete experience in building multi-purpose virtualized labs for Computer Science Education},
journal={2012 20th International Conference on Software, Telecommunications and Computer Networks, SoftCOM 2012},
year={2012},
art_number={6347613},
note={cited By 4},
url={https://www.scopus.com/inward/record.uri?eid=2-s2.0-84870593512&partnerID=40&md5=460f290c9a60efe84fbf209293483c74},
document_type={Conference Paper},
source={Scopus},
}

@CONFERENCE{Cattaneo2012609,
author={Cattaneo, G. and Faruolo, P. and Petrillo, U.F.},
title={Experiments on improving sensor pattern noise extraction for source camera identification},
journal={Proceedings - 6th International Conference on Innovative Mobile and Internet Services in Ubiquitous Computing, IMIS 2012},
year={2012},
pages={609-616},
doi={10.1109/IMIS.2012.35},
art_number={6296924},
note={cited By 5},
url={https://www.scopus.com/inward/record.uri?eid=2-s2.0-84867722836&doi=10.1109%2fIMIS.2012.35&partnerID=40&md5=5b5c614f222211217846834fd4032332},
document_type={Conference Paper},
source={Scopus},
}

@CONFERENCE{Castiglione2012114,
author={Castiglione, A. and Cattaneo, G. and De Maio, G. and De Santis, A. and Costabile, G. and Epifani, M.},
title={The forensic analysis of a false digital alibi},
journal={Proceedings - 6th International Conference on Innovative Mobile and Internet Services in Ubiquitous Computing, IMIS 2012},
year={2012},
pages={114-121},
doi={10.1109/IMIS.2012.127},
art_number={6296841},
note={cited By 9},
url={https://www.scopus.com/inward/record.uri?eid=2-s2.0-84884211525&doi=10.1109%2fIMIS.2012.127&partnerID=40&md5=93a9e24709a706b7f3456a190377afdd},
document_type={Conference Paper},
source={Scopus},
}

@ARTICLE{Castiglione2012430,
author={Castiglione, A. and Cattaneo, G. and De Prisco, R. and De Santis, A. and Yim, K.},
title={How to forge a digital alibi on Mac OS X},
journal={Lecture Notes in Computer Science (including subseries Lecture Notes in Artificial Intelligence and Lecture Notes in Bioinformatics)},
year={2012},
volume={7465 LNCS},
pages={430-444},
doi={10.1007/978-3-642-32498-7_32},
note={cited By 6},
url={https://www.scopus.com/inward/record.uri?eid=2-s2.0-84865620123&doi=10.1007%2f978-3-642-32498-7_32&partnerID=40&md5=593f922df8e3911ecec01cd5e259fa74},
document_type={Conference Paper},
source={Scopus},
}

@ARTICLE{Castiglione2012771,
author={Castiglione, A. and Cattaneo, G. and Cembalo, M. and De Santis, A. and Faruolo, P. and Petagna, F. and Ferraro Petrillo, U.},
title={Engineering a secure mobile messaging framework},
journal={Computers and Security},
year={2012},
volume={31},
number={6},
pages={771-781},
doi={10.1016/j.cose.2012.06.004},
note={cited By 20},
url={https://www.scopus.com/inward/record.uri?eid=2-s2.0-84865200864&doi=10.1016%2fj.cose.2012.06.004&partnerID=40&md5=3c45a6023c435dc61dfbdd2eaf0c96ec},
document_type={Article},
source={Scopus},
}

@CONFERENCE{Castiglione2011679,
author={Castiglione, A. and Cattaneo, G. and De Santis, A.},
title={A forensic analysis of images on Online Social Networks},
journal={Proceedings - 3rd IEEE International Conference on Intelligent Networking and Collaborative Systems, INCoS 2011},
year={2011},
pages={679-684},
doi={10.1109/INCoS.2011.17},
art_number={6132891},
note={cited By 14},
url={https://www.scopus.com/inward/record.uri?eid=2-s2.0-84884211440&doi=10.1109%2fINCoS.2011.17&partnerID=40&md5=1eb123768ae49221fb137a9fdb53449c},
document_type={Conference Paper},
source={Scopus},
}

@CONFERENCE{Castiglione2011392,
author={Castiglione, A. and Cattaneo, G. and De Maio, G. and De Santis, A.},
title={Automatic, selective and secure deletion of digital evidence},
journal={Proceedings - 2011 International Conference on Broadband and Wireless Computing, Communication and Applications, BWCCA 2011},
year={2011},
pages={392-398},
doi={10.1109/BWCCA.2011.64},
art_number={6103064},
note={cited By 13},
url={https://www.scopus.com/inward/record.uri?eid=2-s2.0-84855826129&doi=10.1109%2fBWCCA.2011.64&partnerID=40&md5=2f16e88d2048ef713e478dac8f4b9aa8},
document_type={Conference Paper},
source={Scopus},
}

@CONFERENCE{Albano2011380,
author={Albano, P. and Castiglione, A. and Cattaneo, G. and De Santis, A.},
title={A novel anti-forensics technique for the android OS},
journal={Proceedings - 2011 International Conference on Broadband and Wireless Computing, Communication and Applications, BWCCA 2011},
year={2011},
pages={380-385},
doi={10.1109/BWCCA.2011.62},
art_number={6103062},
note={cited By 22},
url={https://www.scopus.com/inward/record.uri?eid=2-s2.0-84884211311&doi=10.1109%2fBWCCA.2011.62&partnerID=40&md5=9bfa5d43c4e42ddd0ea5bd87891c8554},
document_type={Conference Paper},
source={Scopus},
}

@CONFERENCE{Albano2011685,
author={Albano, P. and Castiglione, A. and Cattaneo, G. and De Maio, G. and De Santis, A.},
title={On the construction of a false digital alibi on the Android OS},
journal={Proceedings - 3rd IEEE International Conference on Intelligent Networking and Collaborative Systems, INCoS 2011},
year={2011},
pages={685-690},
doi={10.1109/INCoS.2011.129},
art_number={6132892},
note={cited By 16},
url={https://www.scopus.com/inward/record.uri?eid=2-s2.0-84884211494&doi=10.1109%2fINCoS.2011.129&partnerID=40&md5=b2227435dc84ff629d1b319ff6ea5f12},
document_type={Conference Paper},
source={Scopus},
}

@CONFERENCE{Castiglione2011520,
author={Castiglione, A. and Cattaneo, G. and Maio, G.D. and Petagna, F.},
title={SECR3T: Secure end-to-end communication over 3G telecommunication networks},
journal={Proceedings - 2011 5th International Conference on Innovative Mobile and Internet Services in Ubiquitous Computing, IMIS 2011},
year={2011},
pages={520-526},
doi={10.1109/IMIS.2011.65},
art_number={5976227},
note={cited By 20},
url={https://www.scopus.com/inward/record.uri?eid=2-s2.0-80052390239&doi=10.1109%2fIMIS.2011.65&partnerID=40&md5=e6e6002701dd946314030e404fc75785},
document_type={Conference Paper},
source={Scopus},
}

@ARTICLE{DeSantis2011359,
author={De Santis, A. and Castiglione, A. and Cattaneo, G. and De Maio, G. and Ianulardo, M.},
title={Automated construction of a false digital alibi},
journal={Lecture Notes in Computer Science (including subseries Lecture Notes in Artificial Intelligence and Lecture Notes in Bioinformatics)},
year={2011},
volume={6908 LNCS},
pages={359-373},
doi={10.1007/978-3-642-23300-5_28},
note={cited By 14},
url={https://www.scopus.com/inward/record.uri?eid=2-s2.0-84884211521&doi=10.1007%2f978-3-642-23300-5_28&partnerID=40&md5=d33aeb4de84573e1bc958379d2833b90},
document_type={Conference Paper},
source={Scopus},
}

@ARTICLE{Cattaneo2010213,
author={Cattaneo, G. and Faruolo, P. and Palazzo, V. and Visconti, I.},
title={Proxy smart card systems},
journal={Lecture Notes in Computer Science (including subseries Lecture Notes in Artificial Intelligence and Lecture Notes in Bioinformatics)},
year={2010},
volume={6033 LNCS},
pages={213-220},
doi={10.1007/978-3-642-12368-9_15},
note={cited By 1},
url={https://www.scopus.com/inward/record.uri?eid=2-s2.0-78650318521&doi=10.1007%2f978-3-642-12368-9_15&partnerID=40&md5=cd41a394ea349e41398eb192f0efd6dc},
document_type={Conference Paper},
source={Scopus},
}

@CONFERENCE{Castiglione2010417,
author={Castiglione, A. and Cattaneo, G. and Cembalo, M. and Petrillo, U.F.},
title={Source camera identification in real practice: A preliminary experimentation},
journal={Proceedings - 2010 International Conference on Broadband, Wireless Computing Communication and Applications, BWCCA 2010},
year={2010},
pages={417-422},
doi={10.1109/BWCCA.2010.107},
art_number={5632315},
note={cited By 2},
url={https://www.scopus.com/inward/record.uri?eid=2-s2.0-79952079480&doi=10.1109%2fBWCCA.2010.107&partnerID=40&md5=48edd7c783c8110f85b6a98806701eba},
document_type={Conference Paper},
source={Scopus},
}

@CONFERENCE{DeSantis2010843,
author={De Santis, A. and Castiglione, A. and Cattaneo, G. and Cembalo, M. and Petagna, F. and Petrillo, U.F.},
title={An extensible framework for efficient secure SMS},
journal={CISIS 2010 - The 4th International Conference on Complex, Intelligent and Software Intensive Systems},
year={2010},
pages={843-850},
doi={10.1109/CISIS.2010.81},
art_number={5447495},
note={cited By 31},
url={https://www.scopus.com/inward/record.uri?eid=2-s2.0-77952715421&doi=10.1109%2fCISIS.2010.81&partnerID=40&md5=6e6d487d00c1fb597cf55a1fff8e7984},
document_type={Conference Paper},
source={Scopus},
}

@ARTICLE{Cattaneo2010404,
author={Cattaneo, G. and Faruolo, P. and Petrillo, U.F. and Italiano, G.F.},
title={Maintaining dynamic minimum spanning trees: An experimental study},
journal={Discrete Applied Mathematics},
year={2010},
volume={158},
number={5},
pages={404-425},
doi={10.1016/j.dam.2009.10.005},
note={cited By 5},
url={https://www.scopus.com/inward/record.uri?eid=2-s2.0-75449096146&doi=10.1016%2fj.dam.2009.10.005&partnerID=40&md5=72c61917a9354f25cbb2b925cc0edcc8},
document_type={Article},
source={Scopus},
}

@CONFERENCE{Cattaneo2009,
author={Cattaneo, G. and De Santis, A. and Petrillo, U.F.},
title={DISCERN: A collaborative visualization system for learning cryptographic protocols},
journal={2009 5th International Conference on Collaborative Computing: Networking, Applications and Worksharing, CollaborateCom 2009},
year={2009},
doi={10.4108/ICST.COLLABORATECOM2009.8360},
art_number={5362788},
note={cited By 0},
url={https://www.scopus.com/inward/record.uri?eid=2-s2.0-76349092717&doi=10.4108%2fICST.COLLABORATECOM2009.8360&partnerID=40&md5=ca47bd3d6b1cc17940de9d523a0eee75},
document_type={Conference Paper},
source={Scopus},
}

@ARTICLE{Castiglione200962,
author={Castiglione, A. and Cattaneo, G. and Cembalo, M. and Faruolo, P. and Ferraro Petrillo, U.},
title={A multi-scheme and multi-channel framework for micropayment systems},
journal={Lecture Notes in Computer Science (including subseries Lecture Notes in Artificial Intelligence and Lecture Notes in Bioinformatics)},
year={2009},
volume={5692 LNCS},
pages={62-71},
doi={10.1007/978-3-642-03964-5-7},
note={cited By 0},
url={https://www.scopus.com/inward/record.uri?eid=2-s2.0-70350517416&doi=10.1007%2f978-3-642-03964-5-7&partnerID=40&md5=cdd6258905b7a8c195738ba7ff3fd324},
document_type={Conference Paper},
source={Scopus},
}

@ARTICLE{Cattaneo2008258,
author={Cattaneo, G. and De Santis, A. and Ferraro Petrillo, U.},
title={Visualization of cryptographic protocols with GRACE},
journal={Journal of Visual Languages and Computing},
year={2008},
volume={19},
number={2},
pages={258-290},
doi={10.1016/j.jvlc.2007.05.001},
note={cited By 18},
url={https://www.scopus.com/inward/record.uri?eid=2-s2.0-40649088061&doi=10.1016%2fj.jvlc.2007.05.001&partnerID=40&md5=6a2702d213d4d8dc4a6b51a427ba8cc8},
document_type={Article},
source={Scopus},
}

@CONFERENCE{Cattaneo200798,
author={Cattaneo, G. and Catuogno, L. and Petagna, F. and Matteo, G.D. and Romano, L.},
title={iToken: A wireless smart card reader which provides handhelds with desk top equivalent security},
journal={Proceedings of the 3rd International Conference on Security and Privacy in Communication Networks, SecureComm},
year={2007},
pages={98-106},
doi={10.1109/SECCOM.2007.4550315},
art_number={4550315},
note={cited By 4},
url={https://www.scopus.com/inward/record.uri?eid=2-s2.0-51349133714&doi=10.1109%2fSECCOM.2007.4550315&partnerID=40&md5=be4a50b8c260da809945e83148fdaa3e},
document_type={Conference Paper},
source={Scopus},
}

@CONFERENCE{Castiglione2006287,
author={Castiglione, A. and Cattaneo, G. and De Santis, A. and Petagna, F. and Ferraro Petrillo, U.},
title={SPEECH: Secure personal end-to-end communication with handheld},
journal={ISSE 2006 - Securing Electronic Business Processes: Highlights of the Information Security Solutions Europe 2006 Conference},
year={2006},
pages={287-297},
doi={10.1007/978-3-8348-9195-2_31},
note={cited By 17},
url={https://www.scopus.com/inward/record.uri?eid=2-s2.0-84883036547&doi=10.1007%2f978-3-8348-9195-2_31&partnerID=40&md5=caa60eb51b768bbad9852d497bd29ab3},
document_type={Conference Paper},
source={Scopus},
}

@CONFERENCE{Cattaneo200441,
author={Cattaneo, G. and Faruolo, P. and Petrillo, U.F. and Italiano, G.F.},
title={JIVE: Java interactive software Visualization Environment},
journal={Proceedings - 2004 IEEE Symposium on Visual Languages and Human Centric Computing},
year={2004},
pages={41-43},
doi={10.1109/VLHCC.2004.34},
note={cited By 4},
url={https://www.scopus.com/inward/record.uri?eid=2-s2.0-16244421098&doi=10.1109%2fVLHCC.2004.34&partnerID=40&md5=b2902408b94da9456422e3b65514369c},
document_type={Conference Paper},
source={Scopus},
}

@CONFERENCE{Cattaneo2004166,
author={Cattaneo, G. and Faruolo, P. and Petrillo, U.F. and Persiano, G.},
title={Providing privacy for web services by anonymous group identification},
journal={Proceedings - IEEE International Conference on Web Services},
year={2004},
pages={166-173},
doi={10.1109/ICWS.2004.1314736},
note={cited By 2},
url={https://www.scopus.com/inward/record.uri?eid=2-s2.0-4544319327&doi=10.1109%2fICWS.2004.1314736&partnerID=40&md5=3103e76c2cf5767253a01846713a23cc},
document_type={Conference Paper},
source={Scopus},
}

@ARTICLE{Cilardo2003960,
author={Cilardo, A. and Mazzeo, A. and Romano, L. and Saggese, G.P. and Cattaneo, G.},
title={Using Web Services technology for inter-enterprise integration of digital time stamping},
journal={Lecture Notes in Computer Science (including subseries Lecture Notes in Artificial Intelligence and Lecture Notes in Bioinformatics)},
year={2003},
volume={2889},
pages={960-974},
note={cited By 0},
url={https://www.scopus.com/inward/record.uri?eid=2-s2.0-0242543313&partnerID=40&md5=af0ecf9af857dff71406eb985b2beb12},
document_type={Article},
source={Scopus},
}

@ARTICLE{Cattaneo2003975,
author={Cattaneo, G. and Catuogno, L. and Petrillo, U.F. and Visconti, I.},
title={A lightweight security model for WBEM},
journal={Lecture Notes in Computer Science (including subseries Lecture Notes in Artificial Intelligence and Lecture Notes in Bioinformatics)},
year={2003},
volume={2889},
pages={975-988},
note={cited By 0},
url={https://www.scopus.com/inward/record.uri?eid=2-s2.0-0242543312&partnerID=40&md5=94aa3e0b4c9bcd4edbfe2b2b58e3f618},
document_type={Article},
source={Scopus},
}

@ARTICLE{Cattaneo2002391,
author={Cattaneo, G. and Italiano, G.F. and Ferraro-Petrillo, U.},
title={CATAI: Concurrent algorithms and data types animation over the internet},
journal={Journal of Visual Languages and Computing},
year={2002},
volume={13},
number={4},
pages={391-419},
doi={10.1006/jvlc.2002.0230},
note={cited By 5},
url={https://www.scopus.com/inward/record.uri?eid=2-s2.0-0036700595&doi=10.1006%2fjvlc.2002.0230&partnerID=40&md5=330345562dfda2f0d18e17493e874568},
document_type={Article},
source={Scopus},
}

@ARTICLE{Cattaneo2002111,
author={Cattaneo, G. and Faruolo, P. and Ferraro Petrillo, U. and Italiano, G.F.},
title={Maintaining dynamic minimum spanning trees: An experimental study},
journal={Lecture Notes in Computer Science (including subseries Lecture Notes in Artificial Intelligence and Lecture Notes in Bioinformatics)},
year={2002},
volume={2409},
pages={111-125},
note={cited By 9},
url={https://www.scopus.com/inward/record.uri?eid=2-s2.0-84929073279&partnerID=40&md5=672c118f2bf7fdeb369565fb043b745a},
document_type={Conference Paper},
source={Scopus},
}

@CONFERENCE{Barra2000124,
author={Barra, M. and Garofalo, V. and Cattaneo, G. and Rossi, C. and Petrillo, U.F. and Scarano, V.},
title={Teach++: A cooperative distance learning and teaching environment},
journal={Proceedings of the ACM Symposium on Applied Computing},
year={2000},
volume={1},
pages={124-130},
doi={10.1145/335603.335718},
note={cited By 1},
url={https://www.scopus.com/inward/record.uri?eid=2-s2.0-84897417382&doi=10.1145%2f335603.335718&partnerID=40&md5=62061dbcfc6a02f450ae9f89b720c614},
document_type={Conference Paper},
source={Scopus},
}

@ARTICLE{Barra199811,
author={Barra, M. and Cattaneo, G. and Izzo, M. and Negro, A. and Scarano, V.},
title={Symmetric adaptive customer modeling for electronic commerce in a distributed environment},
journal={Lecture Notes in Computer Science (including subseries Lecture Notes in Artificial Intelligence and Lecture Notes in Bioinformatics)},
year={1998},
volume={1402},
pages={11-25},
note={cited By 0},
url={https://www.scopus.com/inward/record.uri?eid=2-s2.0-84949208025&partnerID=40&md5=5a75aa7e1d6552e69dd47c271cebd3a2},
document_type={Conference Paper},
source={Scopus},
}

@CONFERENCE{Amato1997316,
author={Amato, Giuseppe and Cattaneo, Giuseppe and Italiano, Giuseppe F.},
title={Experimental analysis of dynamic minimum spanning tree algorithms},
journal={Proceedings of the Annual ACM-SIAM Symposium on Discrete Algorithms},
year={1997},
pages={316-323},
note={cited By 1},
url={https://www.scopus.com/inward/record.uri?eid=2-s2.0-0030835061&partnerID=40&md5=de6cebcc0e61ce02ada9f64e8fcc1bfc},
document_type={Conference Paper},
source={Scopus},
}

@CONFERENCE{Loia1992394,
author={Loia, Vincenzo and Cattaneo, Giuseppe and Quaggetto, Michel},
title={Incremental, high level implementation of Prolog in an open system framework},
journal={Proceedings of the 4th International Conference on Software Engineering and Knowledge Engineering},
year={1992},
pages={394-403},
note={cited By 2},
url={https://www.scopus.com/inward/record.uri?eid=2-s2.0-0026956716&partnerID=40&md5=a0fe28d0db5261be52e2f6bca625dc40},
document_type={Conference Paper},
source={Scopus},
}

@ARTICLE{Cattaneo199281,
author={Cattaneo, G. and Di Giore, G. and Ruotolo, M.},
title={Another C Threads Library},
journal={ACM SIGPLAN Notices},
year={1992},
volume={27},
number={12},
pages={81-90},
doi={10.1145/142181.142208},
note={cited By 1},
url={https://www.scopus.com/inward/record.uri?eid=2-s2.0-0010124415&doi=10.1145%2f142181.142208&partnerID=40&md5=8ee0ede614b8876ebcc505ce14d08f44},
document_type={Article},
source={Scopus},
}

@ARTICLE{Cattaneo198887,
author={Cattaneo, G. and Loia, V.},
title={A Common-LISP Implementation of an Extended PROLOG System},
journal={ACM SIGPLAN Notices},
year={1988},
volume={23},
number={4},
pages={87-102},
doi={10.1145/44326.44336},
note={cited By 0},
url={https://www.scopus.com/inward/record.uri?eid=2-s2.0-84976687977&doi=10.1145%2f44326.44336&partnerID=40&md5=eb36b38e8ef836feb1bd325695fbfa79},
document_type={Article},
source={Scopus},
}

@CONFERENCE{Cattaneo198622,
author={Cattaneo, G. and Guercio, A. and Levialdi, S. and Tortora, G.},
title={ICONLISP: AN EXAMPLE OF A VISUAL PROGRAMMING LANGUAGE.},
year={1986},
pages={22-25},
note={cited By 3},
url={https://www.scopus.com/inward/record.uri?eid=2-s2.0-0022564325&partnerID=40&md5=3ec6c7eb965c0375d30f55059538bf1a},
document_type={Conference Paper},
source={Scopus},
}

@CONFERENCE{Cattaneo1984108,
author={Cattaneo, G. and Levialdi, S. and Tortora, G.},
title={LANGUAGE CONSTRUCTS FOR IMAGE MANIPULATION.},
year={1984},
pages={108-114},
note={cited By 0},
url={https://www.scopus.com/inward/record.uri?eid=2-s2.0-0021568073&partnerID=40&md5=f8aab6dcd665841a226bc14658285ad5},
document_type={Conference Paper},
source={Scopus},
}
