%% This BibTeX bibliography file was created using BibDesk.
%% http://bibdesk.sourceforge.net/


%% Created for Giuseppe Cattaneo at 2012-08-11 23:42:52 +0200 


%% Saved with string encoding Unicode (UTF-8) 



@webpage{web:L5,
	Date-Added = {2012-08-11 21:37:08 +0000},
	Date-Modified = {2012-08-11 21:41:24 +0000},
	Month = {October},
	Title = {Air Force Successfully Transmits an L5 Signal From GPS IIR-20(M) Satellite},
	Url = {http://www.losangeles.af.mil/news/story.asp?storyID=123144001},
	Year = {2009}}

@techreport{Johnson2003,
	Author = {Warner, J. S. and Johnson, R. G.},
	Citeulike-Article-Id = {10532326},
	Citeulike-Linkout-0 = {http://gfp.bluetundra.com/node/1590},
	Date-Added = {2012-08-07 08:37:33 +0000},
	Date-Modified = {2012-08-07 08:38:14 +0000},
	Keywords = {localization, security},
	Location = {Los Alamos National Laboratory},
	Posted-At = {2012-04-05 06:24:04},
	Priority = {2},
	Title = {{Think GPS Cargo Tracking = High Security? Think Again}},
	Url = {http://gfp.bluetundra.com/node/1590},
	Year = {2003},
	Bdsk-Url-1 = {http://gfp.bluetundra.com/node/1590}}

@inproceedings{GPSCapkun2011,
	Author = {Nils Ole Tippenhauer and Christina P{\"o}pper and Kasper Bonne Rasmussen and Srdjan Capkun},
	Bibsource = {DBLP, http://dblp.uni-trier.de},
	Booktitle = {ACM Conference on Computer and Communications Security},
	Crossref = {DBLP:conf/ccs/2011},
	Ee = {http://doi.acm.org/10.1145/2046707.2046719},
	Pages = {75-86},
	Title = {On the requirements for successful GPS spoofing attacks},
	Year = {2011}}

@proceedings{DBLP:conf/ccs/2011,
	Bibsource = {DBLP, http://dblp.uni-trier.de},
	Booktitle = {ACM Conference on Computer and Communications Security},
	Editor = {Yan Chen and George Danezis and Vitaly Shmatikov},
	Isbn = {978-1-4503-0948-6},
	Publisher = {ACM},
	Title = {Proceedings of the 18th ACM Conference on Computer and Communications Security, CCS 2011, Chicago, Illinois, USA, October 17-21, 2011},
	Year = {2011}}
