@Article{ AndroidAF11,
	author = "Pietro Albano and Aniello Castiglione and Giuseppe Cattaneo and Alfredo {De Santis}",
	title = "{A Novel Anti-Forensics Technique for the Android OS}",
	journal = "In: Proceedings of the Sixth International Conference on Broadband and Wireless Computing, Communication and Applications, BWCCA 2011",
	publisher = "IEEE Computer Society",
	year = "IEEE Computer Society, Barcelona, Spain, October 26-28, 2011"
}

@Misc{ site:AndroidSecurityFeatures,
	title = "{Security and Permission Android Developers}",
	author = "{Android Developers}",
	howpublished = "\url{http://developer.android.com/guide/topics/security/security.html}",
	year = "2011 (accessed July, 2011)"
}

@Misc{ site:MOET,
	title = "{MOET - (MO)bile (E)xploratory (T)esting}",
	author = "{eing}",
	howpublished = "\url{https://github.com/eing/moet}",
	year = "2011 (accessed July, 2011)"
}

@Misc{ site:Sikuli,
	title = "{Project Sikuli}",
	author = "{Sikuli.org}",
	howpublished = "\url{http://sikuli.org/}",
	year = "2011 (accessed July, 2011)"
}

@Misc{ site:AutomateItPro,
	title = "{Android Muzikant: AutomateIt Pro}",
	author = "{Android Muzikant}",
	howpublished = "\url{http://muzikant-android.blogspot.com/2011/05/automateit-goes-pro.html}",
	year = "2011 (accessed July, 2011)"
}

@Misc{ site:androidscreencast,
	title = "{androidscreencast - Desktop app to control an android device remotely}",
	author = "{Alexandre T.}",
	howpublished = "\url{http://code.google.com/p/androidscreencast/}",
	year = "2011 (accessed July, 2011)"
}

@Misc{ site:DEFT,
	title = "{DEFT Linux - Computer forensics live cd}",
	author = "{Dr. Stefano Padrepietro}",
	howpublished = "\url{http://www.deftlinux.net/}",
	year = "2011 (accessed July, 2011)"
}

@Misc{ site:ADB,
	title = "{Android Debug Bridge}",
	author = "{Android developers}",
	howpublished = "\url{http://developer.android.com/guide/developing/tools/adb.html}",
	year = "2011 (accessed July, 2011)"
}

@Misc{ site:droidVNCserver,
	title = "{droid VNC server}",
	author = "{oNaiPs}",
	howpublished = "\url{https://github.com/oNaiPs/droid-VNC-server}",
	year = "2011 (accessed July, 2011)"
}

@Misc{ site:Tasker,
	title = "{Tasker for Android}",
	author = "{Crafty Apps}",
	howpublished = "\url{http://tasker.dinglisch.net/}",
	year = "2011 (accessed July, 2011)"
}

@Misc{ site:Robotium,
	title = "{Robotium it is like Selenium, but for Android}",
	author = "{Robotium Developers}",
	howpublished = "\url{http://code.google.com/p/robotium/}",
	year = "2011 (accessed July, 2011)"
}

@InProceedings{autoalibi,
 title = {{Automated Construction of a False Digital Alibi}},
 author = {{A. De Santis} and {A. Castiglione} and {G. Cattaneo} and {G. De Maio} and {M. Ianulardo}},
 publisher = {{A M. Tjoa et al. (Eds.): ARES 2011, Lecture Notes in Computer Science 6908}},
 pages = {359--373}
 year = {2011}
}

@InProceedings{securedel,
 title = {{Automatic, Selective and Secure Deletion of Digital Evidence}},
 author = {{A. Castiglione} and {G. Cattaneo} and {G. De Maio} and {A. De Santis}},
 journal = "In: Proceedings of the Sixth International Conference on Broadband and Wireless Computing, Communication and Applications, BWCCA 2011",
 publisher = "IEEE Computer Society",
 year = "IEEE Computer Society, Barcelona, Spain, October 26-28, 2011"
}
