%% This BibTeX bibliography file was created using BibDesk.
%% http://bibdesk.sourceforge.net/


%% Created for Maurizio Cembalo at 2010-06-04 20:13:54 +0200 


%% Saved with string encoding Unicode (UTF-8) 



@misc{MatlabSITE,
	Author = { {MathWorks MATLAB Web Site} },
	Date-Added = {2010-06-04 20:12:56 +0200},
	Date-Modified = {2010-06-04 20:13:54 +0200},
	Howpublished = {\url{http://www.mathworks.com/products/matlab/}},
	Year = {(online visited) June 2010}}
	
	
@misc{PhotoshopSite,
	Author = { {Adobe Photoshop Web Site} },
	Howpublished = {\url{http://www.adobe.com/products/photoshop/}},
	Year = {(online visited) June 2010}}
	

@inproceedings{Mihcak99,
	Address = {Washington, DC, USA},
	Author = {Kivanc Mihcak, M. and Kozintsev, I. and Ramchandran, K.},
	Booktitle = {ICASSP '99: Proceedings of the Acoustics, Speech, and Signal Processing, IEEE International Conference},
	Date-Added = {2010-06-04 19:14:25 +0200},
	Date-Modified = {2010-06-04 19:14:35 +0200},
	Doi = {http://dx.doi.org/10.1109/ICASSP.1999.757535},
	Isbn = {0-7803-5041-3},
	Pages = {3253--3256},
	Publisher = {IEEE Computer Society},
	Title = {{Spatially Adaptive Statistical Modeling of Wavelet Image Coefficients and its Application to Denoising}},
	Year = {1999},
	Bdsk-Url-1 = {http://dx.doi.org/10.1109/ICASSP.1999.757535}}
	

@inproceedings{Goljan08,
	Author = {Miroslav Goljan},
	Bibsource = {DBLP, http://dblp.uni-trier.de},
	Booktitle = {IWDW},
	Date-Added = {2010-05-03 14:18:52 +0200},
	Date-Modified = {2010-05-03 14:19:11 +0200},
	Pages = {454-468},
	Title = {{Digital Camera Identification from Images - Estimating False Acceptance Probability}},
	Year = {2008}}
	

@article{Holt87,
	Author = {Holt, C.},
	Date-Added = {2010-05-03 13:52:02 +0200},
	Date-Modified = {2010-05-03 13:52:10 +0200},
	Issn = {0096-3518},
	Journal = {Acoustics, Speech and Signal Processing, IEEE Transactions on},
	Number = {3},
	Pages = { 267 - 273},
	Title = {{Two-channel likelihood detectors for arbitrary linear channel distortion}},
	Volume = {35},
	Year = {1987}}
	

@book{Holst96,
	Author = { Holst, Gerald C. },
	Catalogue-Url = { http://nla.gov.au/nla.cat-vn1131393 },
	Date-Added = {2010-05-03 13:40:46 +0200},
	Date-Modified = {2010-05-03 13:41:00 +0200},
	Isbn = { 0964000024 0964000024 },
	Language = { English },
	Life-Dates = { 1996 -  },
	Pages = { xviii, 332 p. : },
	Publisher = { JCD Pub. ; SPIE Optical Engineering Press},
	Subjects = {Charge Coupled Devices.; Information Display Systems},
	Title = {{CCD arrays, cameras, and displays}},
	Type = { Book },
	Year = { 1996 }}


@article{Janesick95,
	Author = {James R. Janesick and Morley Blouke},
	Date-Added = {2010-05-03 13:37:48 +0200},
	Date-Modified = {2010-05-03 13:44:04 +0200},
	Journal = {Opt. Photon. News},
	Number = {4},
	Pages = {16--20},
	Publisher = {OSA},
	Title = {{Scientific Charge-Coupled Devices: Past, Present, \& Future}},
	Volume = {6},
	Year = {1995},
	Bdsk-Url-1 = {http://www.osa-opn.org/abstract.cfm?URI=OPN-6-4-16}}


@inproceedings{Bayram05,
	Author = {Sevinc Bayram and Husrev T. Sencar and Nasir D. Memon and Ismail Avcibas},
	Bibsource = {DBLP, http://dblp.uni-trier.de},
	Booktitle = {ICIP (3)},
	Date-Added = {2010-05-03 13:25:26 +0200},
	Date-Modified = {2010-05-03 13:25:26 +0200},
	Ee = {http://dx.doi.org/10.1109/ICIP.2005.1530330},
	Pages = {69-72},
	Title = {{Source Camera Identification Based on CFA Interpolation}},
	Year = {2005}}


@inproceedings{Long06,
	Author = {Yangjing Long and Yizhen Huang},
	Booktitle = {Multimedia Signal Processing, 2006 IEEE 8th Workshop on},
	Date-Added = {2010-05-03 13:18:51 +0200},
	Date-Modified = {2010-05-03 13:19:36 +0200},
	Doi = {10.1109/MMSP.2006.285343},
	Pages = {419 -424},
	Title = {{Image Based Source Camera Identification using Demosaicking}},
	Year = {2006},
	Bdsk-Url-1 = {http://dx.doi.org/10.1109/MMSP.2006.285343}}
	

@inproceedings{Kharrazi04,
	Author = {Mehdi Kharrazi and Husrev T. Sencar and Nasir D. Memon},
	Bibsource = {DBLP, http://dblp.uni-trier.de},
	Booktitle = {ICIP},
	Date-Added = {2010-05-03 13:12:46 +0200},
	Date-Modified = {2010-05-03 13:12:52 +0200},
	Ee = {http://dx.doi.org/10.1109/ICIP.2004.1418853},
	Pages = {709-712},
	Title = {Blind Source Camera Identification},
	Year = {2004}}


@inproceedings{Choi06,
	Author = {K. S. Choi and E. Y. Lam and K. K. Y. Wong},
	Bibsource = {DBLP, http://dblp.uni-trier.de},
	Booktitle = {{Proceedings of the SPIE}},
	Date-Added = {2010-05-03 13:12:04 +0200},
	Date-Modified = {2010-05-03 13:26:36 +0200},
	Ee = {http://dx.doi.org/10.1109/ICIP.2005.1530330},
	Pages = {69-72},
	Title = {Source camera identification using footprints from lens aberration},
	Year = {2006}}
	

@article{Lukas06,
	Author = {Jan Luk{\'a}s and Jessica J. Fridrich and Miroslav Goljan},
	Bibsource = {DBLP, http://dblp.uni-trier.de},
	Date-Added = {2010-05-03 13:00:45 +0200},
	Date-Modified = {2010-05-03 13:00:45 +0200},
	Ee = {http://dx.doi.org/10.1109/TIFS.2006.873602},
	Journal = {IEEE Transactions on Information Forensics and Security},
	Number = {2},
	Pages = {205-214},
	Title = {{Digital Camera Identification from Sensor Pattern Noise}},
	Volume = {1},
	Year = {2006}}


@article{Chen08,
	Author = {Mo Chen and Jessica J. Fridrich and Miroslav Goljan and Jan Luk{\'a}s},
	Bibsource = {DBLP, http://dblp.uni-trier.de},
	Date-Added = {2010-05-03 13:00:01 +0200},
	Date-Modified = {2010-05-03 13:00:10 +0200},
	Ee = {http://dx.doi.org/10.1109/TIFS.2007.916285},
	Journal = {IEEE Transactions on Information Forensics and Security},
	Number = {1},
	Pages = {74-90},
	Title = {{Determining Image Origin and Integrity Using Sensor Noise}},
	Volume = {3},
	Year = {2008}}


@article{Goljian09,
	Author = {Miroslav Goljan and Jessica J. Fridrich and Tomas Filler},
	Date-Added = {2010-05-03 12:59:04 +0200},
	Date-Modified = {2010-05-03 13:06:45 +0200},
	Journal = {Proc. SPIE, Electronic Imaging, Media Forensics and Security XI},
	Title = {{Large Scale Test of Sensor Fingerprint Camera Identification}},
	Year = {2009}}


@misc{EOS1000,
	Author = { {Camera Labs} },
	Howpublished = {\url{http://www.cameralabs.com/reviews/Canon_EOS_1000D_Rebel_XS/verdict.shtml}},
	Year = {(online visited) June 2010}}


@misc{facebook,
	Author = { {Chris Putnam} },
	Titile = {{The Facebook Blog: Faster, Simple Photo Upload}},
	Howpublished = {\url{http://blog.facebook.com/blog.php?topic_id=185341929641}},
	Year = {(online visited) June 2010}}
	

@misc{flickr,
	Author = { {Royal Pingdom} },
	Titile = {{Internet 2009 in numbers}},
	Howpublished = {\url{http://royal.pingdom.com/2010/01/22/internet-2009-in-numbers/}},
	Year = {(online visited) June 2010}}
	
	
@misc{picasa,
	Author = { {Google Picasa} },
	Titile = {{Picasa Tip: I'm Feeling Lucky}},
	Howpublished = {\url{http://picasatutorials.com/2009/04/picasa-tip-im-feeling-lucky/}},
	Year = {(online visited) June 2010}}
	
	
	