%% This BibTeX bibliography file was created using BibDesk.
%% http://bibdesk.sourceforge.net/


%% Created for Giuseppe Cattaneo at 2010-01-06 19:44:49 +0100 


%% Saved with string encoding Unicode (UTF-8) 




@ARTICLE{Fri06, 
	title={Digital camera identification from sensor pattern noise}, 
	author={Lukas, J. and Fridrich, J. and Goljan, M.}, 
	journal={Information Forensics and Security, IEEE Transactions on}, 
	year={2006}, 
	month={June}, 
	volume={1}, 
	number={2}, 
	pages={ 205-214}, 
	keywords={ cameras, data compression, filtering theory, image coding, image denoising, image sensors, watermarking JPEG compression, denoising filter, digital camera identification, false alarm rates, false rejection rates, gamma correction, image processing, sensor pattern noise, spread-spectrum watermark}, 
	doi={10.1109/TIFS.2006.873602}, 
	ISSN={1556-6013},
	Date-Added = {2010-01-06 19:24:38 +0100},
	Date-Modified = {2010-01-06 19:44:44 +0100}}


@proceedings{DBLP:conf/wetice/2002,
	Bibsource = {DBLP, http://dblp.uni-trier.de},
	Date-Added = {2010-01-06 19:23:48 +0100},
	Date-Modified = {2010-01-06 19:23:48 +0100},
	Isbn = {0-7695-1748-X},
	Publisher = {IEEE Computer Society},
	Title = {11th IEEE International Workshops on Enabling Technologies: Infrastructure for Collaborative Enterprises (WETICE 2002), 10-12 June 2002, Pittsburgh, PA, USA},
	Year = {2002}}

@inproceedings{DBLP:conf/indocrypt/WangSCMY07,
	Author = {Lihua Wang and Jun Shao and Zhenfu Cao and Masahiro Mambo and Akihiro Yamamura},
	Bibsource = {DBLP, http://dblp.uni-trier.de},
	Booktitle = {INDOCRYPT},
	Crossref = {DBLP:conf/indocrypt/2007},
	Date-Added = {2010-01-06 19:23:48 +0100},
	Date-Modified = {2010-01-06 19:23:48 +0100},
	Pages = {297-311},
	Title = {A Certificate-Based Proxy Cryptosystem with Revocable Proxy Decryption Power},
	Year = {2007},
	Bdsk-Url-1 = {http://dx.doi.org/10.1007/978-3-540-77026-8_22}}

@proceedings{DBLP:conf/aina/2008,
	Bibsource = {DBLP, http://dblp.uni-trier.de},
	Booktitle = {AINA},
	Date-Added = {2010-01-06 19:23:48 +0100},
	Date-Modified = {2010-01-06 19:23:48 +0100},
	Publisher = {IEEE Computer Society},
	Title = {22nd International Conference on Advanced Information Networking and Applications, AINA 2008, GinoWan, Okinawa, Japan, March 25-28, 2008},
	Year = {2008}}

@proceedings{DBLP:conf/cit/2007,
	Bibsource = {DBLP, http://dblp.uni-trier.de},
	Booktitle = {ICIT},
	Date-Added = {2010-01-06 19:23:48 +0100},
	Date-Modified = {2010-01-06 19:23:48 +0100},
	Publisher = {IEEE Computer Society},
	Title = {10th International Conference in Information Technology, ICIT 2007, Roukela, India, 17-20 December 2007},
	Year = {2007}}

@proceedings{DBLP:conf/compsac/2007,
	Bibsource = {DBLP, http://dblp.uni-trier.de},
	Booktitle = {COMPSAC},
	Date-Added = {2010-01-06 19:23:48 +0100},
	Date-Modified = {2010-01-06 19:23:48 +0100},
	Isbn = {978-0-7695-2870-0},
	Publisher = {IEEE Computer Society},
	Title = {31st Annual International Computer Software and Applications Conference (COMPSAC 2007), 24-27 July 2007, Beijing, China},
	Year = {2007}}

@proceedings{DBLP:conf/edoc/2007,
	Bibsource = {DBLP, http://dblp.uni-trier.de},
	Booktitle = {EDOC},
	Date-Added = {2010-01-06 19:23:48 +0100},
	Date-Modified = {2010-01-06 19:23:48 +0100},
	Publisher = {IEEE Computer Society},
	Title = {11th IEEE International Enterprise Distributed Object Computing Conference (EDOC 2007), 15-19 October 2007, Annapolis, Maryland, USA},
	Year = {2007}}
