@ARTICLE{Hundhausen02,
  AUTHOR =       "C. D. Hundhausen and S. A. Douglas and J. T. Stasko",
  TITLE =        "A Meta-Study of Algorithm Visualization Effectiveness",
  JOURNAL =      "Journal of Visual Languages and Computing",
  YEAR =         2002,
  volume =       13,
  number =       3,
  pages =        "259-290",
}

@Book{handbook,
key = "handbook",
  author =    {Alfred J. Menezes and Paul C. van Oorschot and Scott A. Vanstone},
  title =    {Handbook of Applied Cryptography (second edition) },
  publisher =    {CRC Press},
  year =     {2001},
}

@MISC{jce,
 key = "jce",
   title = "Java Cryptography Extension ",
   howpublished = "\url{http://java.sun.com/products/jce/}",
   }

@MISC{jcryptool,
 key = "jcryptool",
   title = "JCryptool",
   howpublished = "\url{https://jcryptool.sourceforge.net/}",
   }





@Book{Raskin,
key = "Raskin",
  author =    {Jef Raskin},
  title =    {The Humane Interface: New Directions for Designing Interactive Systems},
  publisher =    {Addison-Wesley},
  year =     {2000},
  isbn = "0-201-37937-6",
}



@inproceedings{McConnell96,
 author = {Jeffrey J. McConnell},
 title = {Active learning and its use in computer science},
 booktitle = {ITiCSE '96: Proceedings of the 1st conference on Integrating technology into computer science education},
 year = {1996},
 isbn = {0-89791-844-4},
 pages = {52--54},
 location = {Barcelona, Spain},
 doi = {http://doi.acm.org/10.1145/237466.237526},
 publisher = {ACM},
 address = {New York, NY, USA},
 }

@book{Marcus,
 author = {Aaron Marcus},
 title = {Graphic design for electronic documents and user interfaces},
 year = {1992},
 isbn = {0-201-54364-8},
 source = {member price 28.95, order number 703900},
 publisher = {ACM Press},
 address = {New York, NY, USA},
 }

@inproceedings{guthrie2004wdu,
  title={{Waking the Dead: Using interactive technology to engage passive listeners in the classroom}},
  author={Guthrie, R. and Carlin, A.},
  booktitle={Tenth Americas Conference on Information Systems 2004},
  pages={534-535},
  location={New York, USA},
  year= {2004}
}

@article{chickering1987spg,
  title={{Seven Principles for Good Practice in Undergraduate Education.}},
  author={Chickering, A.W. and Gamson, Z.F.},
  journal={AAHE Bulletin},
  volume={3},
  pages={6},
  year={1987}
}


@proceedings{Hamey03,
 author     = {L. G. C. Hamey},
  editor    = {Tony Greening and
               Raymond Lister},
  title     = {Teaching secure data communications using a game representation},
  booktitle = {Fifth Australasian Computing Education Conference (ACE 2003)},
  publisher = {Australian Computer Society},
  series    = {CRPIT},
  volume    = {20},
  year      = {2003},
  isbn      = {0-909925-98-4},
  bibsource = {DBLP, http://dblp.uni-trier.de}
}
%               Adelaide, Australia, 4-7 February 2003},

@ARTICLE{rivest77,
  AUTHOR =       "R. L. Rivest and A. Shamir and L. M. Adelman",
  TITLE =        "A method for obtaining digital signatures and public-key cryptosystems",
  JOURNAL =      "Communications of the ACM",
  YEAR =         1978,
  volume =       21,
  number =       2,
  pages =        "120-126",
}

@MISC{piccolo,
   key = "piccolo",
   title = "Piccolo Graphic Library",
   howpublished = "\url{http://www.cs.umd.edu/hcil/piccolo/}",
 }

@article{Cattaneo08,
 author = {G. Cattaneo and A. De Santis and U. Ferraro Petrillo},
 title = {Visualization of cryptographic protocols with GRACE},
 journal = {J. Vis. Lang. Comput.},
 volume = {19},
 number = {2},
 year = {2008},
 issn = {1045-926X},
 pages = {258--290},
 doi = {http://dx.doi.org/10.1016/j.jvlc.2007.05.001},
 publisher = {Academic Press, Inc.},
 address = {Orlando, FL, USA},
 }

@MASTERSTHESIS{TECP,
  AUTHOR =       {Jelena Zaitseva},
  TITLE =        {\mbox{TECP} - \mbox{T}utorial \mbox{E}nvironment for \mbox{C}ryptographic \mbox{P}rotocols},
  SCHOOL =       {University of Tartu},
  YEAR =         {2003},
  source =       "\url{http://math.ut.ee/~jellen/TECP/JZ_magtoo.ps}",
}

@MISC{protoviz,
 key = "protoviz",
   title = "ProtoViz -- A Simple Protocol Visualization",
   howpublished = "\url{http://www.cs.chalmers.se/~elm/courses/security/}",
   }

@inproceedings{kidkrypto,
  AUTHOR =   {Michael R. Fellows and Neal Koblitz},
  editor    = {Ernest F. Brickell},
  title  = {Kid Krypto},
  booktitle     = {Proceedings of 12th Annual International
               Cryptology Conference, Santa Barbara, California, USA, August
               16-20, 1992},
  publisher = {Springer},
  series    = {Lecture Notes in Computer Science},
  volume    = {740},
  year      = {1993},
  isbn      = {3-540-57340-2},
  bibsource = {DBLP, \url{http://dblp.uni-trier.de}},
 pages =        {371-389},
}

@inproceedings{saul00generic,
    author = "Elton Saul and Andrew Hutchison",
    title = "A Generic Graphical Specification Environment for Security Protocol Modelling",
    booktitle = "{SEC}",
    pages = "311-320",
    year = "2000",
    url = "citeseer.ist.psu.edu/saul00generic.html" 
}

@inproceedings{Schweitzer06,
  AUTHOR =   {Dino Schweitzer and Leemon Baird and Mike Collins and M. Sherman},
  title  = {GRASP: A visualization tool for teaching security protocols},
  booktitle     = {Proceedings of the 10th Colloquium for Information Systems Security Education, June 2006},
  year      = {2006},
}



 @article{1227384,
 author = {Dino Schweitzer and Wayne Brown},
 title = {Interactive visualization for the active learning classroom},
 journal = {SIGCSE Bull.},
 volume = {39},
 number = {1},
 year = {2007},
 issn = {0097-8418},
 pages = {208--212},
 doi = {http://doi.acm.org/10.1145/1227504.1227384},
 publisher = {ACM},
 address = {New York, NY, USA},
 }

@article{1227384,
 author = {Dino Schweitzer and Leemon Baird and Mike Collins and Michael Sherman},
 title = {GRASP: A visualization tool for teaching security protocols},
 booktitle     = {Proceedings of the 10th Colloquium for Information Systems Security Education},
 year      = {2006},
 }

@MISC{x509,
   key = "x509",
   author =       {R. Housley and W. Ford and W. Polk and D. Solo},
   title = "\mbox{RFC} 2459: Internet \mbox{X}.509 Public Key Infrastructure Certificate and \mbox{CRL} Profile",
   howpublished = "\url{http://www.ietf.org/rfc/rfc2459.txt}",
   year =         {1999},
   month =        {January},
}


